%% This BibTeX bibliography file was created using BibDesk.
%% http://bibdesk.sourceforge.net/

%% Created for David Ball at 2015-08-26 11:16:44 -0700 

@ARTICLE{drake2006,
	author = {{Drake}, J.~F. and {Swisdak}, M. and {Che}, H. and {Shay}, M.~A.
	},
	title = "{Electron acceleration from contracting magnetic islands during reconnection}",
	journal = {\nat},
	year = 2006,
	month = oct,
	volume = 443,
	pages = {553-556},
	doi = {10.1038/nature05116},
	adsurl = {http://adsabs.harvard.edu/abs/2006Natur.443..553D},
	adsnote = {Provided by the SAO/NASA Astrophysics Data System}
}
@ARTICLE{drake2010,
	author = {{Drake}, J.~F. and {Opher}, M. and {Swisdak}, M. and {Chamoun}, J.~N.},
	title = "{A Magnetic Reconnection Mechanism for the Generation of Anomalous Cosmic Rays}",
	journal = {\apj},
	keywords = {acceleration of particles, magnetohydrodynamics: MHD, solar wind, turbulence, Astrophysics - Solar and Stellar Astrophysics, Astrophysics - Earth and Planetary Astrophysics},
	year = 2010,
	month = Feb,
	volume = {709},
	pages = {963-974},
	doi = {10.1088/0004-637X/709/2/963},
	archivePrefix = {arXiv},
	eprint = {0911.3098},
	primaryClass = {astro-ph.SR},
	adsurl = {https://ui.adsabs.harvard.edu/\#abs/2010ApJ...709..963D},
	adsnote = {Provided by the SAO/NASA Astrophysics Data System}
}

@ARTICLE{yuan2014,
       author = {{Yuan}, Feng and {Narayan}, Ramesh},
        title = "{Hot Accretion Flows Around Black Holes}",
      journal = {\araa},
     keywords = {Astrophysics - High Energy Astrophysical Phenomena},
         year = 2014,
        month = aug,
       volume = {52},
        pages = {529-588},
          doi = {10.1146/annurev-astro-082812-141003},
archivePrefix = {arXiv},
       eprint = {1401.0586},
 primaryClass = {astro-ph.HE},
       adsurl = {https://ui.adsabs.harvard.edu/abs/2014ARA&A..52..529Y},
      adsnote = {Provided by the SAO/NASA Astrophysics Data System}
}

@ARTICLE{oka2010,
	author = {{Oka}, M. and {Phan}, T. -D. and {Krucker}, S. and {Fujimoto}, M. and
	{Shinohara}, I.},
	title = "{Electron Acceleration by Multi-Island Coalescence}",
	journal = {\apj},
	keywords = {acceleration of particles, Sun: flares, Sun: X-rays, gamma rays, Astrophysics - Solar and Stellar Astrophysics},
	year = 2010,
	month = May,
	volume = {714},
	pages = {915-926},
	doi = {10.1088/0004-637X/714/1/915},
	archivePrefix = {arXiv},
	eprint = {1004.1154},
	primaryClass = {astro-ph.SR},
	adsurl = {https://ui.adsabs.harvard.edu/\#abs/2010ApJ...714..915O},
	adsnote = {Provided by the SAO/NASA Astrophysics Data System}
}

@ARTICLE{dalpino2018,
	author = {{de Gouveia Dal Pino}, Elisabete and {Kowal}, Grzegorz and {Kadowaki},
	Luis and {Medina Torrej{\'o}n}, Tania E. and {Mizuno}, Yosuke
	and {Singh}, Chandra},
	title = "{Particle acceleration and the origin of the very high energy emission around black holes and relativistic jets}",
	journal = {arXiv e-prints},
	keywords = {Astrophysics - High Energy Astrophysical Phenomena, High Energy Physics - Phenomenology},
	year = 2018,
	month = Sep,
	eid = {arXiv:1809.06742},
	pages = {arXiv:1809.06742},
	archivePrefix = {arXiv},
	eprint = {1809.06742},
	primaryClass = {astro-ph.HE},
	adsurl = {https://ui.adsabs.harvard.edu/\#abs/2018arXiv180906742D},
	adsnote = {Provided by the SAO/NASA Astrophysics Data System}
}


@ARTICLE{ramirez2018,
	author = {{Rodr{\'\i}guez-Ram{\'\i}rez}, J.~C. and {de Gouveia Dal Pino}, E.~M.
	and {Alves Batista}, R.},
	title = "{Neutrino and \$\textbackslashgamma\$-ray Emission from the Core of NGC1275 by Magnetic Reconnection: GRMHD Simulations and Radiative Transfer/Particle Calculations}",
	journal = {arXiv e-prints},
	keywords = {Astrophysics - High Energy Astrophysical Phenomena},
	year = 2018,
	month = Nov,
	eid = {arXiv:1811.02812},
	pages = {arXiv:1811.02812},
	archivePrefix = {arXiv},
	eprint = {1811.02812},
	primaryClass = {astro-ph.HE},
	adsurl = {https://ui.adsabs.harvard.edu/\#abs/2018arXiv181102812R},
	adsnote = {Provided by the SAO/NASA Astrophysics Data System}
}

@ARTICLE{ni2012,
   author = {{Ni}, L. and {Ziegler}, U. and {Huang}, Y.-M. and {Lin}, J. and 
	{Mei}, Z.},
    title = "{Effects of plasma {$\beta$} on the plasmoid instability}",
  journal = {Physics of Plasmas},
 keywords = {magnetic reconnection, plasma density, plasma instability, plasma magnetohydrodynamics, plasma simulation, plasma temperature, plasma-beam interactions, Microinstabilities, Particle beam interactions in plasmas, Magnetohydrodynamic and fluid equation, Atomic molecular ion and heavy-particle collisions, Magnetohydrodynamics},
     year = 2012,
    month = jul,
   volume = 19,
   number = 7,
      eid = {072902},
    pages = {072902},
      doi = {10.1063/1.4736993},
   adsurl = {http://adsabs.harvard.edu/abs/2012PhPl...19g2902N},
  adsnote = {Provided by the SAO/NASA Astrophysics Data System}
}

@ARTICLE{ponti2017,
   author = {{Ponti}, G. and {George}, E. and {Scaringi}, S. and {Zhang}, S. and 
	{Jin}, C. and {Dexter}, J. and {Terrier}, R. and {Clavel}, M. and 
	{Degenaar}, N. and {Eisenhauer}, F. and {Genzel}, R. and {Gillessen}, S. and 
	{Goldwurm}, A. and {Habibi}, M. and {Haggard}, D. and {Hailey}, C. and 
	{Harrison}, F. and {Merloni}, A. and {Mori}, K. and {Nandra}, K. and 
	{Ott}, T. and {Pfuhl}, O. and {Plewa}, P.~M. and {Waisberg}, I.
	},
    title = "{A powerful flare from Sgr A* confirms the synchrotron nature of the X-ray emission}",
  journal = {\mnras},
archivePrefix = "arXiv",
   eprint = {1703.03410},
 primaryClass = "astro-ph.HE",
 keywords = {black hole physics, methods: data analysis, Galaxy: centre},
     year = 2017,
    month = jun,
   volume = 468,
    pages = {2447-2468},
      doi = {10.1093/mnras/stx596},
   adsurl = {http://adsabs.harvard.edu/abs/2017MNRAS.468.2447P},
  adsnote = {Provided by the SAO/NASA Astrophysics Data System}
}


%% Saved with string encoding Unicode (UTF-8) 
@ARTICLE{liguo2015,
   author = {{Li}, X. and {Guo}, F. and {Li}, H. and {Li}, G.},
    title = "{Nonthermally Dominated Electron Acceleration during Magnetic Reconnection in a Low-{$\beta$} Plasma}",
  journal = {\apjl},
archivePrefix = "arXiv",
   eprint = {1505.02166},
 primaryClass = "astro-ph.SR",
 keywords = {acceleration of particles, magnetic reconnection, Sun: corona, Sun: flares},
     year = 2015,
    month = oct,
   volume = 811,
      eid = {L24},
    pages = {L24},
      doi = {10.1088/2041-8205/811/2/L24},
   adsurl = {http://adsabs.harvard.edu/abs/2015ApJ...811L..24L},
  adsnote = {Provided by the SAO/NASA Astrophysics Data System}
}


@ARTICLE{li2015,
   author = {{Li}, Y.-P. and {Yuan}, F. and {Yuan}, Q. and {Wang}, Q.~D. and 
	{Chen}, P.~F. and {Neilsen}, J. and {Fang}, T. and {Zhang}, S. and 
	{Dexter}, J.},
    title = "{Statistics of X-Ray Flares of Sagittarius A*: Evidence for Solar-like Self-organized Criticality Phenomena}",
  journal = {\apj},
archivePrefix = "arXiv",
   eprint = {1506.02946},
 primaryClass = "astro-ph.HE",
 keywords = {accretion, accretion disks, black hole physics, Galaxy: center, methods: statistical},
     year = 2015,
    month = sep,
   volume = 810,
      eid = {19},
    pages = {19},
      doi = {10.1088/0004-637X/810/1/19},
   adsurl = {http://adsabs.harvard.edu/abs/2015ApJ...810...19L},
  adsnote = {Provided by the SAO/NASA Astrophysics Data System}
}


@INPROCEEDINGS{wang2016,
   author = {{Wang}, D. and {Yuan}, Q.},
    title = "{X-ray flare properties of Sgr A*}",
booktitle = {AAS/High Energy Astrophysics Division},
     year = 2016,
   series = {AAS/High Energy Astrophysics Division},
   volume = 15,
    month = apr,
      eid = {109.09},
    pages = {109.09},
   adsurl = {http://adsabs.harvard.edu/abs/2016HEAD...1510909W},
  adsnote = {Provided by the SAO/NASA Astrophysics Data System}
}


@ARTICLE{ponti2015,
   author = {{Ponti}, G. and {De Marco}, B. and {Morris}, M.~R. and {Merloni}, A. and 
	{Mu{\~n}oz-Darias}, T. and {Clavel}, M. and {Haggard}, D. and 
	{Zhang}, S. and {Nandra}, K. and {Gillessen}, S. and {Mori}, K. and 
	{Neilsen}, J. and {Rea}, N. and {Degenaar}, N. and {Terrier}, R. and 
	{Goldwurm}, A.},
    title = "{Fifteen years of XMM-Newton and Chandra monitoring of Sgr A$^{*}$: evidence for a recent increase in the bright flaring rate}",
  journal = {\mnras},
archivePrefix = "arXiv",
   eprint = {1507.02690},
 primaryClass = "astro-ph.HE",
 keywords = {accretion, accretion discs, black hole physics, methods: data analysis, Galaxy: centre, X-rays: binaries, X-rays: individual: Sgr A$^{*}$},
     year = 2015,
    month = dec,
   volume = 454,
    pages = {1525-1544},
      doi = {10.1093/mnras/stv1537},
   adsurl = {http://adsabs.harvard.edu/abs/2015MNRAS.454.1525P},
  adsnote = {Provided by the SAO/NASA Astrophysics Data System}
}



@ARTICLE{neilsen2015,
   author = {{Neilsen}, J. and {Markoff}, S. and {Nowak}, M.~A. and {Dexter}, J. and 
	{Witzel}, G. and {Barri{\`e}re}, N. and {Li}, Y. and {Baganoff}, F.~K. and 
	{Degenaar}, N. and {Fragile}, P.~C. and {Gammie}, C. and {Goldwurm}, A. and 
	{Grosso}, N. and {Haggard}, D.},
    title = "{The X-Ray Flux Distribution of Sagittarius A* as Seen by Chandra}",
  journal = {\apj},
archivePrefix = "arXiv",
   eprint = {1412.3106},
 primaryClass = "astro-ph.HE",
 keywords = {accretion, accretion disks, black hole physics, radiation mechanisms: non-thermal},
     year = 2015,
    month = feb,
   volume = 799,
      eid = {199},
    pages = {199},
      doi = {10.1088/0004-637X/799/2/199},
   adsurl = {http://adsabs.harvard.edu/abs/2015ApJ...799..199N},
  adsnote = {Provided by the SAO/NASA Astrophysics Data System}
}



@inproceedings{witzel2013,
author = {Witzel,G. and Morris,M. and Ghez,A. and Meyer,L. and Becklin,E. and Matthews,K. and Lu,J. R. and Do,T. and Campbell,R.},
title = {Near infrared variability of Sgr A* - spectral index measurements},
booktitle = {The Galactic Center: Feeding and Feedback in a Normal Galactic Nucleus},
series = {Proceedings of the International Astronomical Union},
volume = {9},
issue = {Symposium S303},
month = {10},
year = {2013},
pages = {274--282},
numpages = {9},
doi = {10.1017/S1743921314000738},
URL = {http://journals.cambridge.org/article_S1743921314000738},
}

@ARTICLE{chan2013,
   author = {{Chan}, C.-k. and {Psaltis}, D. and {{\"O}zel}, F.},
    title = "{GRay: A Massively Parallel GPU-based Code for Ray Tracing in Relativistic Spacetimes}",
  journal = {\apj},
archivePrefix = "arXiv",
   eprint = {1303.5057},
 primaryClass = "astro-ph.IM",
 keywords = {gravitation, methods: numerical, radiative transfer },
     year = 2013,
    month = nov,
   volume = 777,
      eid = {13},
    pages = {13},
      doi = {10.1088/0004-637X/777/1/13},
   adsurl = {http://adsabs.harvard.edu/abs/2013ApJ...777...13C},
  adsnote = {Provided by the SAO/NASA Astrophysics Data System}
}


@book{mihalas1978,
	Adsnote = {Provided by the SAO/NASA Astrophysics Data System},
	Adsurl = {http://adsabs.harvard.edu/abs/1978stat.book.....M},
	Author = {{Mihalas}, D.},
	Booktitle = {San Francisco, W.~H.~Freeman and Co., 1978.~650 p.},
	Date-Modified = {2015-08-17 17:33:50 +0000},
	Keywords = {Absorption Cross Sections, Atmospheric Models, Gray Gas, Radiative Transfer, Stellar Atmospheres, Stellar Spectra, Stellar Winds, Absorption Spectra, Atmospheric Physics, Equilibrium Equations, Line Spectra, Radiation Distribution, Stellar Radiation, Thermodynamic Equilibrium},
	Title = {{Stellar atmospheres /2nd edition/}},
	Year = 1978}

@article{goldreich1969,
	Adsnote = {Provided by the SAO/NASA Astrophysics Data System},
	Adsurl = {http://adsabs.harvard.edu/abs/1969ApJ...157..869G},
	Author = {{Goldreich}, P. and {Julian}, W.~H.},
	Date-Modified = {2015-08-17 17:33:50 +0000},
	Doi = {10.1086/150119},
	Journal = {\apj},
	Month = aug,
	Pages = {869},
	Title = {{Pulsar Electrodynamics}},
	Volume = 157,
	Year = 1969,
	Bdsk-Url-1 = {http://dx.doi.org/10.1086/150119}}

@ARTICLE{porquet2008,
   author = {{Porquet}, D. and {Grosso}, N. and {Predehl}, P. and {Hasinger}, G. and 
	{Yusef-Zadeh}, F. and {Aschenbach}, B. and {Trap}, G. and {Melia}, F. and 
	{Warwick}, R.~S. and {Goldwurm}, A. and {B{\'e}langer}, G. and 
	{Tanaka}, Y. and {Genzel}, R. and {Dodds-Eden}, K. and {Sakano}, M. and 
	{Ferrando}, P.},
    title = "{X-ray hiccups from Sagittarius A* observed by XMM-Newton. The second brightest flare and three moderate flares caught in half a day}",
  journal = {\aap},
archivePrefix = "arXiv",
   eprint = {0806.4088},
 keywords = {Galaxy: center, X-rays: individuals: Sgr A*, X-rays: general, radiation mechanisms: general},
     year = 2008,
    month = sep,
   volume = 488,
    pages = {549-557},
      doi = {10.1051/0004-6361:200809986},
   adsurl = {http://adsabs.harvard.edu/abs/2008A%26A...488..549P},
  adsnote = {Provided by the SAO/NASA Astrophysics Data System}
}

>@ARTICLE{barriere2014,
   author = {{Barri{\`e}re}, N.~M. and {Tomsick}, J.~A. and {Baganoff}, F.~K. and 
	{Boggs}, S.~E. and {Christensen}, F.~E. and {Craig}, W.~W. and 
	{Dexter}, J. and {Grefenstette}, B. and {Hailey}, C.~J. and 
	{Harrison}, F.~A. and {Madsen}, K.~K. and {Mori}, K. and {Stern}, D. and 
	{Zhang}, W.~W. and {Zhang}, S. and {Zoglauer}, A.},
    title = "{NuSTAR Detection of High-energy X-Ray Emission and Rapid Variability from Sagittarius A$^{sstarf}$ Flares}",
  journal = {\apj},
archivePrefix = "arXiv",
   eprint = {1403.0900},
 primaryClass = "astro-ph.HE",
 keywords = {accretion, accretion disks, Galaxy: center, stars: black holes, stars: flare, stars: individual: Sgr A*, X-rays: general},
     year = 2014,
    month = may,
   volume = 786,
      eid = {46},
    pages = {46},
      doi = {10.1088/0004-637X/786/1/46},
   adsurl = {http://adsabs.harvard.edu/abs/2014ApJ...786...46B},
  adsnote = {Provided by the SAO/NASA Astrophysics Data System}
}

@ARTICLE{chan2015b,
   author = {{Chan}, C.-k. and {Psaltis}, D. and {{\"O}zel}, F. and {Medeiros}, L. and 
	{Marrone}, D. and {Sa{\c d}owski}, A. and {Narayan}, R.},
    title = "{Fast Variability and Millimeter/IR Flares in GRMHD Models of Sgr A* from Strong-field Gravitational Lensing}",
  journal = {\apj},
archivePrefix = "arXiv",
   eprint = {1505.01500},
 primaryClass = "astro-ph.HE",
 keywords = {accretion, accretion disks, black hole physics, Galaxy: center, radiative transfer},
     year = 2015,
    month = oct,
   volume = 812,
      eid = {103},
    pages = {103},
      doi = {10.1088/0004-637X/812/2/103},
   adsurl = {http://adsabs.harvard.edu/abs/2015ApJ...812..103C},
  adsnote = {Provided by the SAO/NASA Astrophysics Data System}
}

@ARTICLE{chan2015a,
   author = {{Chan}, C.-K. and {Psaltis}, D. and {{\"O}zel}, F. and {Narayan}, R. and 
	{Sa{\c d}owski}, A.},
    title = "{The Power of Imaging: Constraining the Plasma Properties of GRMHD Simulations using EHT Observations of Sgr A*}",
  journal = {\apj},
archivePrefix = "arXiv",
   eprint = {1410.3492},
 primaryClass = "astro-ph.HE",
 keywords = {accretion, accretion disks, black hole physics, Galaxy: center, radiative transfer},
     year = 2015,
    month = jan,
   volume = 799,
      eid = {1},
    pages = {1},
      doi = {10.1088/0004-637X/799/1/1},
   adsurl = {http://adsabs.harvard.edu/abs/2015ApJ...799....1C},
  adsnote = {Provided by the SAO/NASA Astrophysics Data System}
}

@ARTICLE{neilsen2013,
   author = {{Neilsen}, J. and {Nowak}, M.~A. and {Gammie}, C. and {Dexter}, J. and 
	{Markoff}, S. and {Haggard}, D. and {Nayakshin}, S. and {Wang}, Q.~D. and 
	{Grosso}, N. and {Porquet}, D. and {Tomsick}, J.~A. and {Degenaar}, N. and 
	{Fragile}, P.~C. and {Houck}, J.~C. and {Wijnands}, R. and {Miller}, J.~M. and 
	{Baganoff}, F.~K.},
    title = "{A Chandra/HETGS Census of X-Ray Variability from Sgr A* during 2012}",
  journal = {\apj},
archivePrefix = "arXiv",
   eprint = {1307.5843},
 primaryClass = "astro-ph.HE",
 keywords = {accretion, accretion disks, black hole physics, radiation mechanisms: non-thermal},
     year = 2013,
    month = sep,
   volume = 774,
      eid = {42},
    pages = {42},
      doi = {10.1088/0004-637X/774/1/42},
   adsurl = {http://adsabs.harvard.edu/abs/2013ApJ...774...42N},
  adsnote = {Provided by the SAO/NASA Astrophysics Data System}
}

@ARTICLE{sironi2014,
   author = {{Sironi}, L. and {Spitkovsky}, A.},
    title = "{Relativistic Reconnection: An Efficient Source of Non-thermal Particles}",
  journal = {\apjl},
archivePrefix = "arXiv",
   eprint = {1401.5471},
 primaryClass = "astro-ph.HE",
 keywords = {acceleration of particles, galaxies: jets, gamma-ray burst: general, magnetic reconnection, pulsars: general, radiation mechanisms: non-thermal},
     year = 2014,
    month = mar,
   volume = 783,
      eid = {L21},
    pages = {L21},
      doi = {10.1088/2041-8205/783/1/L21},
   adsurl = {http://adsabs.harvard.edu/abs/2014ApJ...783L..21S},
  adsnote = {Provided by the SAO/NASA Astrophysics Data System}
}

@ARTICLE{guo2014,
   author = {{Guo}, X. and {Sironi}, L. and {Narayan}, R.},
    title = "{Non-thermal Electron Acceleration in Low Mach Number Collisionless Shocks. I. Particle Energy Spectra and Acceleration Mechanism}",
  journal = {\apj},
archivePrefix = "arXiv",
   eprint = {1406.5190},
 primaryClass = "astro-ph.HE",
 keywords = {acceleration of particles, galaxies: clusters: general, radiation mechanisms: non-thermal, shock waves },
     year = 2014,
    month = oct,
   volume = 794,
      eid = {153},
    pages = {153},
      doi = {10.1088/0004-637X/794/2/153},
   adsurl = {http://adsabs.harvard.edu/abs/2014ApJ...794..153G},
  adsnote = {Provided by the SAO/NASA Astrophysics Data System}
}

@ARTICLE{ressler2015,
   author = {{Ressler}, S.~M. and {Tchekhovskoy}, A. and {Quataert}, E. and 
	{Chandra}, M. and {Gammie}, C.~F.},
    title = "{Electron thermodynamics in GRMHD simulations of low-luminosity black hole accretion}",
  journal = {\mnras},
archivePrefix = "arXiv",
   eprint = {1509.04717},
 primaryClass = "astro-ph.HE",
 keywords = {MHD, stars: black holes, Galaxy: centre, galaxies: jets, galaxies: nuclei},
     year = 2015,
    month = dec,
   volume = 454,
    pages = {1848-1870},
      doi = {10.1093/mnras/stv2084},
   adsurl = {http://adsabs.harvard.edu/abs/2015MNRAS.454.1848R},
  adsnote = {Provided by the SAO/NASA Astrophysics Data System}
}

@ARTICLE{narayan1994,
   author = {{Narayan}, R. and {Yi}, I. and {Mahadevan}, R.},
    title = "{Advection-Dominated Accretion Model for Sagittarius A$^*$: Evidence for a $10^6\msun$ Black Hole at the Galactic Center}",
  journal = {ArXiv Astrophysics e-prints},
   eprint = {astro-ph/9411060},
 keywords = {Astrophysics},
     year = 1994,
    month = nov,
   adsurl = {http://adsabs.harvard.edu/abs/1994astro.ph.11060N},
  adsnote = {Provided by the SAO/NASA Astrophysics Data System}
}

@ARTICLE{quataert1999,
   author = {{Quataert}, E. and {Gruzinov}, A.},
    title = "{Turbulence and Particle Heating in Advection-dominated Accretion Flows}",
  journal = {\apj},
   eprint = {astro-ph/9803112},
 keywords = {ACCRETION, ACCRETION DISKS, MAGNETOHYDRODYNAMICS: MHD, PLASMAS, TURBULENCE, Accretion, Accretion Disks, Magnetohydrodynamics: MHD, Plasmas, Turbulence},
     year = 1999,
    month = jul,
   volume = 520,
    pages = {248-255},
      doi = {10.1086/307423},
   adsurl = {http://adsabs.harvard.edu/abs/1999ApJ...520..248Q},
  adsnote = {Provided by the SAO/NASA Astrophysics Data System}
}

@ARTICLE{dexter2012,
   author = {{Dexter}, J. and {Agol}, E. and {Fragile}, P.~C. and {McKinney}, J.~C.
	},
    title = "{Radiative Models of Sagittarius A* and M87 from Relativistic MHD Simulations}",
  journal = {Journal of Physics Conference Series},
archivePrefix = "arXiv",
   eprint = {1202.0348},
 primaryClass = "astro-ph.HE",
     year = 2012,
    month = jul,
   volume = 372,
   number = 1,
      eid = {012023},
    pages = {012023},
      doi = {10.1088/1742-6596/372/1/012023},
   adsurl = {http://adsabs.harvard.edu/abs/2012JPhCS.372a2023D},
  adsnote = {Provided by the SAO/NASA Astrophysics Data System}
}

@ARTICLE{drappeau2013,
   author = {{Drappeau}, S. and {Dibi}, S. and {Dexter}, J. and {Markoff}, S. and 
	{Fragile}, P.~C.},
    title = "{Self-consistent spectra from radiative GRMHD simulations of accretion on to Sgr A*}",
  journal = {\mnras},
archivePrefix = "arXiv",
   eprint = {1209.4599},
 primaryClass = "astro-ph.HE",
 keywords = {accretion, accretion discs, black hole physics, MHD, radiation mechanisms: thermal, methods: numerical, Galaxy: centre},
     year = 2013,
    month = may,
   volume = 431,
    pages = {2872-2884},
      doi = {10.1093/mnras/stt388},
   adsurl = {http://adsabs.harvard.edu/abs/2013MNRAS.431.2872D},
  adsnote = {Provided by the SAO/NASA Astrophysics Data System}
}

@ARTICLE{moscibrodzka2014,
   author = {{Mo{\'s}cibrodzka}, M. and {Falcke}, H. and {Shiokawa}, H. and 
	{Gammie}, C.~F.},
    title = "{Observational appearance of inefficient accretion flows and jets in 3D GRMHD simulations: Application to Sagittarius A*}",
  journal = {\aap},
archivePrefix = "arXiv",
   eprint = {1408.4743},
 primaryClass = "astro-ph.HE",
 keywords = {accretion, accretion disks, black hole physics, magnetohydrodynamics (MHD), radiative transfer, Galaxy: center, galaxies: jets},
     year = 2014,
    month = oct,
   volume = 570,
      eid = {A7},
    pages = {A7},
      doi = {10.1051/0004-6361/201424358},
   adsurl = {http://adsabs.harvard.edu/abs/2014A%26A...570A...7M},
  adsnote = {Provided by the SAO/NASA Astrophysics Data System}
}

@ARTICLE{lazarian2012,
   author = {{Lazarian}, A. and {Vlahos}, L. and {Kowal}, G. and {Yan}, H. and 
	{Beresnyak}, A. and {de Gouveia Dal Pino}, E.~M.},
    title = "{Turbulence, Magnetic Reconnection in Turbulent Fluids and Energetic Particle Acceleration}",
  journal = {\ssr},
archivePrefix = "arXiv",
   eprint = {1211.0008},
 primaryClass = "astro-ph.SR",
 keywords = {Turbulence, Magnetic reconnection, Acceleration, Cosmic rays},
     year = 2012,
    month = nov,
   volume = 173,
    pages = {557-622},
      doi = {10.1007/s11214-012-9936-7},
   adsurl = {http://adsabs.harvard.edu/abs/2012SSRv..173..557L},
  adsnote = {Provided by the SAO/NASA Astrophysics Data System}
}

@ARTICLE{mahadevan1998,
   author = {{Mahadevan}, R.},
    title = "{Reconciling the spectrum of Sagittarius A$^{*}$ with a two-temperature plasma model}",
  journal = {\nat},
     year = 1998,
    month = aug,
   volume = 394,
    pages = {651-653},
      doi = {10.1038/29241},
   adsurl = {http://adsabs.harvard.edu/abs/1998Natur.394..651M},
  adsnote = {Provided by the SAO/NASA Astrophysics Data System}
}

@ARTICLE{ozel2000,
   author = {{{\"O}zel}, F. and {Psaltis}, D. and {Narayan}, R.},
    title = "{Hybrid Thermal-Nonthermal Synchrotron Emission from Hot Accretion Flows}",
  journal = {\apj},
   eprint = {astro-ph/0004195},
 keywords = {Accretion, Accretion Disks, Black Hole Physics, Galaxy: Center, Radiation Mechanisms: Nonthermal, Radiation Mechanisms: Thermal},
     year = 2000,
    month = sep,
   volume = 541,
    pages = {234-249},
      doi = {10.1086/309396},
   adsurl = {http://adsabs.harvard.edu/abs/2000ApJ...541..234O},
  adsnote = {Provided by the SAO/NASA Astrophysics Data System}
}

@ARTICLE{yuan2003,
   author = {{Yuan}, F. and {Quataert}, E. and {Narayan}, R.},
    title = "{Nonthermal Electrons in Radiatively Inefficient Accretion Flow Models of Sagittarius A*}",
  journal = {\apj},
   eprint = {astro-ph/0304125},
 keywords = {Accretion, Accretion Disks, Black Hole Physics, Galaxies: Active, Galaxy: Center, Radiation Mechanisms: Nonthermal, Radiation Mechanisms: Thermal},
     year = 2003,
    month = nov,
   volume = 598,
    pages = {301-312},
      doi = {10.1086/378716},
   adsurl = {http://adsabs.harvard.edu/abs/2003ApJ...598..301Y},
  adsnote = {Provided by the SAO/NASA Astrophysics Data System}
}

@ARTICLE{dodds-eden2010,
   author = {{Dodds-Eden}, K. and {Sharma}, P. and {Quataert}, E. and {Genzel}, R. and 
	{Gillessen}, S. and {Eisenhauer}, F. and {Porquet}, D.},
    title = "{Time-Dependent Models of Flares from Sagittarius A*}",
  journal = {\apj},
archivePrefix = "arXiv",
   eprint = {1005.0389},
 primaryClass = "astro-ph.GA",
 keywords = {accretion, accretion disks, black hole physics, Galaxy: center, infrared: general, radiation mechanisms: general},
     year = 2010,
    month = dec,
   volume = 725,
    pages = {450-465},
      doi = {10.1088/0004-637X/725/1/450},
   adsurl = {http://adsabs.harvard.edu/abs/2010ApJ...725..450D},
  adsnote = {Provided by the SAO/NASA Astrophysics Data System}
}

@ARTICLE{eckart2004,
   author = {{Eckart}, A. and {Baganoff}, F.~K. and {Morris}, M. and {Bautz}, M.~W. and 
	{Brandt}, W.~N. and {Garmire}, G.~P. and {Genzel}, R. and {Ott}, T. and 
	{Ricker}, G.~R. and {Straubmeier}, C. and {Viehmann}, T. and 
	{Sch{\"o}del}, R. and {Bower}, G.~C. and {Goldston}, J.~E.},
    title = "{First simultaneous NIR/X-ray detection of a flare from Sgr A*}",
  journal = {\aap},
   eprint = {astro-ph/0403577},
 keywords = {black hole physics, X-rays: general, infrared: general, accretion, accretion disks, Galaxy: center, Galaxy: nucleus},
     year = 2004,
    month = nov,
   volume = 427,
    pages = {1-11},
      doi = {10.1051/0004-6361:20040495},
   adsurl = {http://adsabs.harvard.edu/abs/2004A%26A...427....1E},
  adsnote = {Provided by the SAO/NASA Astrophysics Data System}
}

@ARTICLE{marrone2008,
	author = {{Marrone}, D.~P. and {Baganoff}, F.~K. and {Morris}, M.~R. and
	{Moran}, J.~M. and {Ghez}, A.~M. and {Hornstein}, S.~D. and
	{Dowell}, C.~D. and {Mu{\~n}oz}, D.~J. and {Bautz}, M.~W. and
	{Ricker}, G.~R. and {Brandt}, W.~N. and {Garmire}, G.~P. and
	{Lu}, J.~R. and {Matthews}, K. and {Zhao}, J. -H. and {Rao}, R. and
	{Bower}, G.~C.},
	title = "{An X-Ray, Infrared, and Submillimeter Flare of Sagittarius A*}",
	journal = {\apj},
	keywords = {black hole physics, Galaxy: center, polarization, Astrophysics},
	year = 2008,
	month = jul,
	volume = {682},
	number = {1},
	pages = {373-383},
	doi = {10.1086/588806},
	archivePrefix = {arXiv},
	eprint = {0712.2877},
	primaryClass = {astro-ph},
	adsurl = {https://ui.adsabs.harvard.edu/abs/2008ApJ...682..373M},
	adsnote = {Provided by the SAO/NASA Astrophysics Data System}
}

@ARTICLE{gammie2003,
   author = {{Gammie}, C.~F. and {McKinney}, J.~C. and {T{\'o}th}, G.},
    title = "{HARM: A Numerical Scheme for General Relativistic Magnetohydrodynamics}",
  journal = {\apj},
   eprint = {astro-ph/0301509},
 keywords = {Accretion, Accretion Disks, Black Hole Physics, Methods: Numerical, Magnetohydrodynamics: MHD},
     year = 2003,
    month = may,
   volume = 589,
    pages = {444-457},
      doi = {10.1086/374594},
   adsurl = {http://adsabs.harvard.edu/abs/2003ApJ...589..444G},
  adsnote = {Provided by the SAO/NASA Astrophysics Data System}
}

@ARTICLE{narayan2012,
   author = {{Narayan}, R. and {S{\"A} dowski}, A. and {Penna}, R.~F. and 
	{Kulkarni}, A.~K.},
    title = "{GRMHD simulations of magnetized advection-dominated accretion on a non-spinning black hole: role of outflows}",
  journal = {\mnras},
archivePrefix = "arXiv",
   eprint = {1206.1213},
 primaryClass = "astro-ph.HE",
 keywords = {accretion, accretion discs, black hole physics, convection, methods: numerical, binaries: close, galaxies: jets},
     year = 2012,
    month = nov,
   volume = 426,
    pages = {3241-3259},
      doi = {10.1111/j.1365-2966.2012.22002.x},
   adsurl = {http://adsabs.harvard.edu/abs/2012MNRAS.426.3241N},
  adsnote = {Provided by the SAO/NASA Astrophysics Data System}
}

@BOOK{rybicki1979,
   author = {{Rybicki}, G.~B. and {Lightman}, A.~P.},
    title = "{Radiative processes in astrophysics}",
 keywords = {Astrophysics, Radiative Transfer, Atomic Structure, Bremsstrahlung, Compton Effect, Covariance, Kinematics, Molecular Structure, Plasma Radiation, Radiation Distribution, Relativistic Effects, Synchrotron Radiation},
booktitle = {New York, Wiley-Interscience, 1979.~393 p.},
     year = 1979,
   adsurl = {http://adsabs.harvard.edu/abs/1979rpa..book.....R},
  adsnote = {Provided by the SAO/NASA Astrophysics Data System}
}

@BOOK{chandrasekhar1939,
   author = {{Chandrasekhar}, S.},
    title = "{An introduction to the study of stellar structure}",
 keywords = {ASTROPHYSICS},
booktitle = {Chicago, Ill., The University of Chicago press [1939]},
     year = 1939,
   adsurl = {http://adsabs.harvard.edu/abs/1939isss.book.....C},
  adsnote = {Provided by the SAO/NASA Astrophysics Data System}
}

@ARTICLE{genzel2003,
   author = {{Genzel}, R. and {Sch{\"o}del}, R. and {Ott}, T. and {Eckart}, A. and 
	{Alexander}, T. and {Lacombe}, F. and {Rouan}, D. and {Aschenbach}, B.
	},
    title = "{Near-infrared flares from accreting gas around the supermassive black hole at the Galactic Centre}",
  journal = {\nat},
   eprint = {astro-ph/0310821},
     year = 2003,
    month = oct,
   volume = 425,
    pages = {934-937},
      doi = {10.1038/nature02065},
   adsurl = {http://adsabs.harvard.edu/abs/2003Natur.425..934G},
  adsnote = {Provided by the SAO/NASA Astrophysics Data System}
}

@ARTICLE{eckart2006,
   author = {{Eckart}, A. and {Baganoff}, F.~K. and {Sch{\"o}del}, R. and 
	{Morris}, M. and {Genzel}, R. and {Bower}, G.~C. and {Marrone}, D. and 
	{Moran}, J.~M. and {Viehmann}, T. and {Bautz}, M.~W. and {Brandt}, W.~N. and 
	{Garmire}, G.~P. and {Ott}, T. and {Trippe}, S. and {Ricker}, G.~R. and 
	{Straubmeier}, C. and {Roberts}, D.~A. and {Yusef-Zadeh}, F. and 
	{Zhao}, J.~H. and {Rao}, R.},
    title = "{The flare activity of Sagittarius A*. New coordinated mm to X-ray observations}",
  journal = {\aap},
   eprint = {astro-ph/0512440},
     year = 2006,
    month = may,
   volume = 450,
    pages = {535-555},
      doi = {10.1051/0004-6361:20054418},
   adsurl = {http://adsabs.harvard.edu/abs/2006A%26A...450..535E},
  adsnote = {Provided by the SAO/NASA Astrophysics Data System}
}

@ARTICLE{gammie1998,
   author = {{Gammie}, C.~F. and {Popham}, R.},
    title = "{Advection-dominated Accretion Flows in the Kerr Metric. I. Basic Equations}",
  journal = {\apj},
   eprint = {astro-ph/9705117},
 keywords = {ACCRETION, ACCRETION DISKS, HYDRODYNAMICS, RELATIVITY, Accretion, Accretion Disks, Hydrodynamics, Relativity},
     year = 1998,
    month = may,
   volume = 498,
    pages = {313-326},
      doi = {10.1086/305521},
   adsurl = {http://adsabs.harvard.edu/abs/1998ApJ...498..313G},
  adsnote = {Provided by the SAO/NASA Astrophysics Data System}
}

@ARTICLE{ball2016,
    author = {{Ball}, D. and {{\"O}zel}, F. and {Psaltis}, D. and {Chan}, C.-k.
        },
    title = "{Particle Acceleration and the Origin of X-Ray Flares in GRMHD Simulations of SGR A}",
  journal = {\apj},
archivePrefix = "arXiv",
   eprint = {1602.05968},
 primaryClass = "astro-ph.HE",
 keywords = {acceleration of particles, accretion, accretion disks, black hole physics, magnetic reconnection, magnetohydrodynamics: MHD, radiative transfer},
     year = 2016,
    month = jul,
   volume = 826,
      eid = {77},
    pages = {77},
      doi = {10.3847/0004-637X/826/1/77},
   adsurl = {http://adsabs.harvard.edu/abs/2016ApJ...826...77B},
  adsnote = {Provided by the SAO/NASA Astrophysics Data System}
}

@book{kulsrud2005,
    title = "Plasma physics for astrophysics",
    author = "Kulsrud, Russell M.",
    series = "Princeton series in astrophysics",
    publisher = "Princeton, N.J. Princeton University Press",
    isbn = "0-691-10267-8",
    year = 2005
}   

@ARTICLE{zhdankin2013,
   author = {{Zhdankin}, V. and {Uzdensky}, D.~A. and {Perez}, J.~C. and 
       {Boldyrev}, S.},
   title = "{Statistical Analysis of Current Sheets in Three-dimensional Magnetohydrodynamic Turbulence}",
  journal = {\apj},
archivePrefix = "arXiv",
   eprint = {1302.1460},
 primaryClass = "astro-ph.HE",
 keywords = {magnetic reconnection, magnetohydrodynamics: MHD, plasmas, turbulence },
     year = 2013,
    month = jul,
   volume = 771,
      eid = {124},
    pages = {124},
      doi = {10.1088/0004-637X/771/2/124},
   adsurl = {http://adsabs.harvard.edu/abs/2013ApJ...771..124Z},
  adsnote = {Provided by the SAO/NASA Astrophysics Data System}
}   

@ARTICLE{melzani2014,
   author = {{Melzani}, M. and {Walder}, R. and {Folini}, D. and {Winisdoerffer}, C. and
      {Winisdoerffer}, C. and
         {Favre}, J.~M.},
   title = "{Relativistic magnetic reconnection in collisionless ion-electron plasmas explored with particle-in-cell simulations}",
  journal = {\aap},
archivePrefix = "arXiv",
   eprint = {1404.7366},
 primaryClass = "astro-ph.HE",
 keywords = {plasmas, magnetic reconnection, relativistic processes, methods: numerical, instabilities},
     year = 2014,
    month = oct,
   volume = 570,
      eid = {A111},
    pages = {A111},
      doi = {10.1051/0004-6361/201424083},
   adsurl = {http://adsabs.harvard.edu/abs/2014A%26A...570A.111M},
  adsnote = {Provided by the SAO/NASA Astrophysics Data System}
}

@ARTICLE{ressler2016,
   author = {{Ressler}, S.~M. and {Tchekhovskoy}, A. and {Quataert}, E. and 
      {Gammie}, C.~F.},
title = "{The Disc-Jet Symbiosis Emerges: Modeling the Emission of Sagittarius A* with Electron Thermodynamics}",
  journal = {ArXiv e-prints},
archivePrefix = "arXiv",
   eprint = {1611.09365},
 primaryClass = "astro-ph.HE",
 keywords = {Astrophysics - High Energy Astrophysical Phenomena},
     year = 2016,
    month = nov,
   adsurl = {http://adsabs.harvard.edu/abs/2016arXiv161109365R},
  adsnote = {Provided by the SAO/NASA Astrophysics Data System}
}
@ARTICLE{dahlin2016,
   author = {{Dahlin}, J.~T. and {Drake}, J.~F. and {Swisdak}, M.},
    title = "{The Scaling of Electron Acceleration in Magnetic Reconnection wit\
h a Guide Field}",
  journal = {ArXiv e-prints},
archivePrefix = "arXiv",
   eprint = {1607.03857},
 primaryClass = "physics.plasm-ph",
 keywords = {Physics - Plasma Physics},
     year = 2016,
    month = jul,
   adsurl = {http://adsabs.harvard.edu/abs/2016arXiv160703857D},
  adsnote = {Provided by the SAO/NASA Astrophysics Data System}
}

@ARTICLE{wangh2016,
   author = {{Wang}, H. and {Lu}, Q. and {Huang}, C. and {Wang}, S.},
    title = "{The Mechanisms of Electron Acceleration During Multiple X Line Magnetic Reconnection with a Guide Field}",
  journal = {\apj},
archivePrefix = "arXiv",
   eprint = {1602.05315},
 primaryClass = "physics.space-ph",
 keywords = {acceleration of particles, magnetic reconnection, Sun: corona, Sun: flares},
     year = 2016,
    month = apr,
   volume = 821,
      eid = {84},
    pages = {84},
      doi = {10.3847/0004-637X/821/2/84},
   adsurl = {http://adsabs.harvard.edu/abs/2016ApJ...821...84W},
  adsnote = {Provided by the SAO/NASA Astrophysics Data System}
}


@ARTICLE{stanier2016,
   author = {{Stanier}, A. and {Daughton}, W. and {Simakov}, A.~N. and {Chacon}, L. and {Le}, A. and {Karimabadi}, H. and {Ng}, J. and {Bhattacharjee}, A.
    },
title = "{The role of guide field in magnetic reconnection driven by island coalescence}",
  journal = {ArXiv e-prints},
archivePrefix = "arXiv",
   eprint = {1611.05933},
 primaryClass = "physics.plasm-ph",
 keywords = {Physics - Plasma Physics, Physics - Space Physics},
     year = 2016,
    month = nov,
   adsurl = {http://adsabs.harvard.edu/abs/2016arXiv161105933S},
  adsnote = {Provided by the SAO/NASA Astrophysics Data System}
}

@ARTICLE{werner2016,
   author = {{Werner}, G.~R. and {Uzdensky}, D.~A. and {Cerutti}, B. and 
	{Nalewajko}, K. and {Begelman}, M.~C.},
    title = "{The Extent of Power-law Energy Spectra in Collisionless Relativistic Magnetic Reconnection in Pair Plasmas}",
  journal = {\apjl},
archivePrefix = "arXiv",
   eprint = {1409.8262},
 primaryClass = "astro-ph.HE",
 keywords = {acceleration of particles, galaxies: jets, gamma-ray burst: general, magnetic reconnection, pulsars: general, relativistic processes},
     year = 2016,
    month = jan,
   volume = 816,
      eid = {L8},
    pages = {L8},
      doi = {10.3847/2041-8205/816/1/L8},
   adsurl = {http://adsabs.harvard.edu/abs/2016ApJ...816L...8W},
  adsnote = {Provided by the SAO/NASA Astrophysics Data System}
}




@ARTICLE{werner2018,
   author = {{Werner}, G.~R. and {Uzdensky}, D.~A. and {Begelman}, M.~C. and 
	{Cerutti}, B. and {Nalewajko}, K.},
    title = "{Non-thermal particle acceleration in collisionless relativistic electron-proton reconnection}",
  journal = {\mnras},
archivePrefix = "arXiv",
   eprint = {1612.04493},
 primaryClass = "astro-ph.HE",
 keywords = {acceleration of particles, accretion, accretion discs, magnetic reconnection, relativistic processes, BL Lacertae objects: general, X-rays: binaries},
     year = 2018,
    month = feb,
   volume = 473,
    pages = {4840-4861},
      doi = {10.1093/mnras/stx2530},
   adsurl = {http://adsabs.harvard.edu/abs/2018MNRAS.473.4840W},
  adsnote = {Provided by the SAO/NASA Astrophysics Data System}
}



@INPROCEEDINGS{dalpino2015,
   author = {{de Gouveia Dal Pino}, E.~M. and {Kowal}, G.},
    title = "{Particle Acceleration by Magnetic Reconnection}",
 keywords = {Physics},
booktitle = {Magnetic Fields in Diffuse Media},
     year = 2015,
   series = {Astrophysics and Space Science Library},
   volume = 407,
archivePrefix = "arXiv",
   eprint = {1302.4374},
 primaryClass = "astro-ph.HE",
   editor = {{Lazarian}, A. and {de Gouveia Dal Pino}, E.~M. and {Melioli}, C.
},
    pages = {373},
      doi = {10.1007/978-3-662-44625-6_13},
   adsurl = {http://adsabs.harvard.edu/abs/2015ASSL..407..373D},
  adsnote = {Provided by the SAO/NASA Astrophysics Data System}
}

@ARTICLE{guod_14,
   author = {{Guo}, F. and {Li}, H. and {Daughton}, W. and {Liu}, Y.-H.},
    title = "{Formation of Hard Power Laws in the Energetic Particle Spectra Resulting from Relativistic Magnetic Reconnection}",
  journal = {Physical Review Letters},
archivePrefix = "arXiv",
   eprint = {1405.4040},
 primaryClass = "astro-ph.HE",
 keywords = {Relativistic plasmas, Magnetic reconnection, Active and peculiar galaxies and related systems, gamma-ray sources, gamma-ray bursts},
     year = 2014,
    month = oct,
   volume = 113,
   number = 15,
      eid = {155005},
    pages = {155005},
      doi = {10.1103/PhysRevLett.113.155005},
   adsurl = {http://adsabs.harvard.edu/abs/2014PhRvL.113o5005G},
  adsnote = {Provided by the SAO/NASA Astrophysics Data System}
}

@ARTICLE{guo2015,
   author = {{Guo}, F. and {Liu}, Y.-H. and {Daughton}, W. and {Li}, H.},
    title = "{Particle Acceleration and Plasma Dynamics during Magnetic Reconnection in the Magnetically Dominated Regime}",
  journal = {\apj},
archivePrefix = "arXiv",
   eprint = {1504.02193},
 primaryClass = "astro-ph.HE",
 keywords = {acceleration of particles, galaxies: jets, gamma-ray burst: general, magnetic reconnection, pulsars: general, relativistic processes},
     year = 2015,
    month = jun,
   volume = 806,
      eid = {167},
    pages = {167},
      doi = {10.1088/0004-637X/806/2/167},
   adsurl = {http://adsabs.harvard.edu/abs/2015ApJ...806..167G},
  adsnote = {Provided by the SAO/NASA Astrophysics Data System}
}

@ARTICLE{guo_16,
   author = {{Guo}, F. and {Li}, X. and {Li}, H. and {Daughton}, W. and {Zhang}, B. and 
	{Lloyd-Ronning}, N. and {Liu}, Y.-H. and {Zhang}, H. and {Deng}, W.
	},
    title = "{Efficient Production of High-energy Nonthermal Particles during Magnetic Reconnection in a Magnetically Dominated Ion-Electron Plasma}",
  journal = {\apjl},
archivePrefix = "arXiv",
   eprint = {1511.01434},
 primaryClass = "astro-ph.HE",
 keywords = {acceleration of particles, galaxies: jets, gamma-ray burst: general, magnetic reconnection, pulsars: general, relativistic processes},
     year = 2016,
    month = feb,
   volume = 818,
      eid = {L9},
    pages = {L9},
      doi = {10.3847/2041-8205/818/1/L9},
   adsurl = {http://adsabs.harvard.edu/abs/2016ApJ...818L...9G},
  adsnote = {Provided by the SAO/NASA Astrophysics Data System}
}


@ARTICLE{drake2013,
   author = {{Drake}, J.~F. and {Swisdak}, M. and {Fermo}, R.},
    title = "{The Power-law Spectra of Energetic Particles during Multi-island Magnetic Reconnection}",
  journal = {\apjl},
archivePrefix = "arXiv",
   eprint = {1210.4830},
 primaryClass = "astro-ph.SR",
 keywords = {acceleration of particles, magnetic reconnection, solar wind, Sun: corona, Sun: flares, Sun: heliosphere},
     year = 2013,
    month = jan,
   volume = 763,
      eid = {L5},
    pages = {L5},
      doi = {10.1088/2041-8205/763/1/L5},
   adsurl = {http://adsabs.harvard.edu/abs/2013ApJ...763L...5D},
  adsnote = {Provided by the SAO/NASA Astrophysics Data System}
}

@ARTICLE{sironi2016,
   author = {{Sironi}, L. and {Giannios}, D. and {Petropoulou}, M.},
    title = "{Plasmoids in relativistic reconnection, from birth to adulthood: first they grow, then they go}",
  journal = {\mnras},
archivePrefix = "arXiv",
   eprint = {1605.02071},
 primaryClass = "astro-ph.HE",
 keywords = {magnetic reconnection, MHD, radiation mechanisms: non-thermal, gamma-ray burst: general, pulsars: general, galaxies: jets},
     year = 2016,
    month = oct,
   volume = 462,
    pages = {48-74},
      doi = {10.1093/mnras/stw1620},
   adsurl = {http://adsabs.harvard.edu/abs/2016MNRAS.462...48S},
  adsnote = {Provided by the SAO/NASA Astrophysics Data System}
}


@ARTICLE{sironi2009,
   author = {{Sironi}, L. and {Spitkovsky}, A.},
    title = "{Particle Acceleration in Relativistic Magnetized Collisionless Pair Shocks: Dependence of Shock Acceleration on Magnetic Obliquity}",
  journal = {\apj},
archivePrefix = "arXiv",
   eprint = {0901.2578},
 primaryClass = "astro-ph.HE",
 keywords = {acceleration of particles, gamma rays: bursts, shock waves},
     year = 2009,
    month = jun,
   volume = 698,
    pages = {1523-1549},
      doi = {10.1088/0004-637X/698/2/1523},
   adsurl = {http://adsabs.harvard.edu/abs/2009ApJ...698.1523S},
  adsnote = {Provided by the SAO/NASA Astrophysics Data System}
}



@ARTICLE{kagan2015,
   author = {{Kagan}, D. and {Sironi}, L. and {Cerutti}, B. and {Giannios}, D.
},
    title = "{Relativistic Magnetic Reconnection in Pair Plasmas and Its Astrophysical Applications}",
  journal = {\ssr},
archivePrefix = "arXiv",
   eprint = {1412.2451},
 primaryClass = "astro-ph.HE",
 keywords = {Acceleration of particles, Galaxies: active, Instabilities, Magnetic reconnection, Pulsars: general, Radiation mechanisms: non-thermal, Relativistic processes},
     year = 2015,
    month = oct,
   volume = 191,
    pages = {545-573},
      doi = {10.1007/s11214-014-0132-9},
   adsurl = {http://adsabs.harvard.edu/abs/2015SSRv..191..545K},
  adsnote = {Provided by the SAO/NASA Astrophysics Data System}
}

@ARTICLE{chael2017,
   author = {{Chael}, A. and {Narayan}, R. and {Sadowski}, A.},
    title = "{Evolving Nonthermal Electrons in Simulations of Black Hole Accretion}",
  journal = {ArXiv e-prints},
archivePrefix = "arXiv",
   eprint = {1704.05092},
 primaryClass = "astro-ph.HE",
 keywords = {Astrophysics - High Energy Astrophysical Phenomena},
     year = 2017,
    month = apr,
   adsurl = {http://adsabs.harvard.edu/abs/2017arXiv170405092C},
  adsnote = {Provided by the SAO/NASA Astrophysics Data System}
}

@ARTICLE{sadowski2013,
   author = {{S{\c a}dowski}, A. and {Narayan}, R. and {Penna}, R. and {Zhu}, Y.},
    title = "{Energy, momentum and mass outflows and feedback from thick accretion discs around rotating black holes}",
  journal = {\mnras},
archivePrefix = "arXiv",
   eprint = {1307.1143},
 primaryClass = "astro-ph.HE",
 keywords = {accretion, accretion discs, black hole physics, relativistic processes, methods: numerical, galaxies: jets},
     year = 2013,
    month = dec,
   volume = 436,
    pages = {3856-3874},
      doi = {10.1093/mnras/stt1881},
   adsurl = {http://adsabs.harvard.edu/abs/2013MNRAS.436.3856S},
  adsnote = {Provided by the SAO/NASA Astrophysics Data System}
}

@ARTICLE{shay2014,
   author = {{Shay}, M.~A. and {Haggerty}, C.~C. and {Phan}, T.~D. and {Drake}, J.~F. and 
{Cassak}, P.~A. and {Wu}, P. and {Oieroset}, M. and {Swisdak}, M. and 
{Malakit}, K.},
    title = "{Electron heating during magnetic reconnection: A simulation scaling study}",
  journal = {Physics of Plasmas},
archivePrefix = "arXiv",
   eprint = {1410.1206},
 primaryClass = "physics.plasm-ph",
     year = 2014,
    month = dec,
   volume = 21,
   number = 12,
      eid = {122902},
    pages = {122902},
      doi = {10.1063/1.4904203},
   adsurl = {http://adsabs.harvard.edu/abs/2014PhPl...21l2902S},
  adsnote = {Provided by the SAO/NASA Astrophysics Data System}
}

@ARTICLE{dahlin2014,
   author = {{Dahlin}, J.~T. and {Drake}, J.~F. and {Swisdak}, M.},
    title = "{The mechanisms of electron heating and acceleration during magnetic reconnection}",
  journal = {Physics of Plasmas},
archivePrefix = "arXiv",
   eprint = {1406.0831},
 primaryClass = "physics.plasm-ph",
     year = 2014,
    month = sep,
   volume = 21,
   number = 9,
      eid = {092304},
    pages = {092304},
      doi = {10.1063/1.4894484},
   adsurl = {http://adsabs.harvard.edu/abs/2014PhPl...21i2304D},
  adsnote = {Provided by the SAO/NASA Astrophysics Data System}
}

@ARTICLE{dahlin2016b,
   author = {{Dahlin}, J.~T. and {Drake}, J.~F. and {Swisdak}, M.},
    title = "{Parallel electric fields are inefficient drivers of energetic electrons in magnetic reconnection}",
  journal = {Physics of Plasmas},
archivePrefix = "arXiv",
   eprint = {1607.03857},
 primaryClass = "physics.plasm-ph",
     year = 2016,
    month = dec,
   volume = 23,
   number = 12,
      eid = {120704},
    pages = {120704},
      doi = {10.1063/1.4972082},
   adsurl = {http://adsabs.harvard.edu/abs/2016PhPl...23l0704D},
  adsnote = {Provided by the SAO/NASA Astrophysics Data System}
}

@ARTICLE{dahlin2015,
   author = {{Dahlin}, J.~T. and {Drake}, J.~F. and {Swisdak}, M.},
    title = "{Electron acceleration in three-dimensional magnetic reconnection with a guide field}",
  journal = {Physics of Plasmas},
archivePrefix = "arXiv",
   eprint = {1503.02218},
 primaryClass = "physics.plasm-ph",
     year = 2015,
    month = oct,
   volume = 22,
   number = 10,
      eid = {100704},
    pages = {100704},
      doi = {10.1063/1.4933212},
   adsurl = {http://adsabs.harvard.edu/abs/2015PhPl...22j0704D},
  adsnote = {Provided by the SAO/NASA Astrophysics Data System}
}
@ARTICLE{egedal2015,
   author = {{Egedal}, J. and {Daughton}, W. and {Le}, A. and {Borg}, A.~L.
},
    title = "{Double layer electric fields aiding the production of energetic flat-top distributions and superthermal electrons within magnetic reconnection exhausts}",
  journal = {Physics of Plasmas},
archivePrefix = "arXiv",
   eprint = {1504.08045},
 primaryClass = "physics.plasm-ph",
     year = 2015,
    month = oct,
   volume = 22,
   number = 10,
      eid = {101208},
    pages = {101208},
      doi = {10.1063/1.4933055},
   adsurl = {http://adsabs.harvard.edu/abs/2015PhPl...22j1208E},
  adsnote = {Provided by the SAO/NASA Astrophysics Data System}
}

@ARTICLE{munoz2017,
   author = {{Mu{\~n}oz}, P.~A. and {B{\"u}chner}, J.},
    title = "{Two-stage electron acceleration by 3D collisionless guide field magnetic reconnection}",
  journal = {ArXiv e-prints},
archivePrefix = "arXiv",
   eprint = {1705.01066},
 primaryClass = "physics.plasm-ph",
 keywords = {Physics - Plasma Physics, Astrophysics - Solar and Stellar Astrophysics, Physics - Space Physics},
     year = 2017,
    month = may,
   adsurl = {http://adsabs.harvard.edu/abs/2017arXiv170501066M},
  adsnote = {Provided by the SAO/NASA Astrophysics Data System}
}

@ARTICLE{schoeffler2011,
   author = {{Schoeffler}, K.~M. and {Drake}, J.~F. and {Swisdak}, M.},
    title = "{The Effects of Plasma Beta and Anisotropy Instabilities on the Dynamics of Reconnecting Magnetic Fields in the Heliosheath}",
  journal = {\apj},
archivePrefix = "arXiv",
   eprint = {1107.5558},
 primaryClass = "astro-ph.SR",
 keywords = {instabilities, magnetic reconnection, methods: numerical, plasmas, Sun: general, Sun: heliosphere},
     year = 2011,
    month = dec,
   volume = 743,
      eid = {70},
    pages = {70},
      doi = {10.1088/0004-637X/743/1/70},
   adsurl = {http://adsabs.harvard.edu/abs/2011ApJ...743...70S},
  adsnote = {Provided by the SAO/NASA Astrophysics Data System}
}

@ARTICLE{schoeffler2013,
   author = {{Schoeffler}, K.~M. and {Drake}, J.~F. and {Swisdak}, M. and 
{Knizhnik}, K.},
    title = "{The Role of Pressure Anisotropy on Particle Acceleration during Magnetic Reconnection}",
  journal = {\apj},
 keywords = {magnetic reconnection, methods: numerical, plasmas, Sun: general, Sun: heliosphere },
     year = 2013,
    month = feb,
   volume = 764,
      eid = {126},
    pages = {126},
      doi = {10.1088/0004-637X/764/2/126},
   adsurl = {http://adsabs.harvard.edu/abs/2013ApJ...764..126S},
  adsnote = {Provided by the SAO/NASA Astrophysics Data System}
}

@ARTICLE{brittnacher1995,
   author = {{Brittnacher}, M. and {Quest}, K.~B. and {Karimabadi}, H.},
    title = "{A new approach to the linear theory of single-species tearing in two-dimensional quasi-neutral sheets}",
  journal = {\jgr},
 keywords = {Collisionless Plasmas, Geomagnetic Tail, Ions, Neutral Sheets, Stability, Tearing Modes (Plasmas), Algorithms, Computerized Simulation, Eigenvalues, Equilibrium Equations, Gyrofrequency, Pitch (Inclination), Scattering Functions},
     year = 1995,
    month = mar,
   volume = 100,
    pages = {3551-3562},
      doi = {10.1029/94JA02743},
   adsurl = {http://adsabs.harvard.edu/abs/1995JGR...100.3551B},
  adsnote = {Provided by the SAO/NASA Astrophysics Data System}
}

@ARTICLE{nalewajko2015,
   author = {{Nalewajko}, K. and {Uzdensky}, D.~A. and {Cerutti}, B. and 
	{Werner}, G.~R. and {Begelman}, M.~C.},
    title = "{On the Distribution of Particle Acceleration Sites in Plasmoid-dominated Relativistic Magnetic Reconnection}",
  journal = {\apj},
archivePrefix = "arXiv",
   eprint = {1508.02392},
 primaryClass = "astro-ph.HE",
 keywords = {acceleration of particles, magnetic reconnection},
     year = 2015,
    month = dec,
   volume = 815,
      eid = {101},
    pages = {101},
      doi = {10.1088/0004-637X/815/2/101},
   adsurl = {http://adsabs.harvard.edu/abs/2015ApJ...815..101N},
  adsnote = {Provided by the SAO/NASA Astrophysics Data System}
}

@ARTICLE{rowan2017,
   author = {{Rowan}, M.~E. and {Sironi}, L. and {Narayan}, R.},
    title = "{Electron and proton heating in trans-relativistic magnetic reconnection}",
  journal = {ArXiv e-prints},
archivePrefix = "arXiv",
   eprint = {1708.04627},
 primaryClass = "astro-ph.HE",
 keywords = {Astrophysics - High Energy Astrophysical Phenomena, Physics - Plasma Physics},
     year = 2017,
    month = aug,
   adsurl = {http://adsabs.harvard.edu/abs/2017arXiv170804627R},
  adsnote = {Provided by the SAO/NASA Astrophysics Data System}
}

@ARTICLE{ball2017,
	author = {{Ball}, David and {{\"O}zel}, Feryal and {Psaltis}, Dimitrios and
	{Chan}, Chi-Kwan and {Sironi}, Lorenzo},
	title = "{The Properties of Reconnection Current Sheets in GRMHD Simulations of Radiatively Inefficient Accretion Flows}",
	journal = {\apj},
	keywords = {acceleration of particles, accretion, accretion disks, magnetic reconnection, quasars: supermassive black holes, Astrophysics - High Energy Astrophysical Phenomena},
	year = "2018",
	month = "Feb",
	volume = {853},
	number = {2},
	eid = {184},
	pages = {184},
	doi = {10.3847/1538-4357/aaa42f},
	archivePrefix = {arXiv},
	eprint = {1705.06293},
	primaryClass = {astro-ph.HE},
	adsurl = {https://ui.adsabs.harvard.edu/abs/2018ApJ...853..184B},
	adsnote = {Provided by the SAO/NASA Astrophysics Data System}
}



    
@ARTICLE{forbes1996,
   author = {{Forbes}, T.~G. and {Acton}, L.~W.},
    title = "{Reconnection and Field Line Shrinkage in Solar Flares}",
  journal = {\apj},
 keywords = {MAGNETOHYDRODYNAMICS: MHD, SUN: FLARES, SUN: X-RAYS, GAMMA RAYS},
     year = 1996,
    month = mar,
   volume = 459,
    pages = {330},
      doi = {10.1086/176896},
   adsurl = {http://adsabs.harvard.edu/abs/1996ApJ...459..330F},
  adsnote = {Provided by the SAO/NASA Astrophysics Data System}
}

@article{yokoyama2001,
  author={T. Yokoyama and K. Akita and T. Morimoto and K. Inoue and J. Newmark},
  title={Clear Evidence of Reconnection Inflow of a Solar Flare},
  journal={The Astrophysical Journal Letters},
  volume={546},
  number={1},
  pages={L69},
  url={http://stacks.iop.org/1538-4357/546/i=1/a=L69},
  year={2001},
  abstract={We found an important piece of evidence for magnetic reconnection inflow in a flare on 1999 March 18. The flare occurred on the northeast limb, displaying a nice cusp-shaped soft X-ray loop and a plasmoid ejection typical for the long-duration events. The EUV observation of the same flare shows us a bubble-like void ejection. The core of this EUV void corresponds to the soft X-ray plasmoid. Moreover, as this void is ejected, magnetic reconnection occurs at the disconnecting point. A clear ongoing pattern toward the magnetic X -point is seen. The velocity of this apparent motion is about 5 km s -1 , which is an upper limit on reconnection inflow speed. Based on this observation, we derive the reconnection rate as M A = 0.001-0.03, where M A is an Alfvén Mach number of the inflow.}
}

@Article{shibata2011,
author="Shibata, Kazunari
and Magara, Tetsuya",
title="Solar Flares: Magnetohydrodynamic Processes",
journal="Living Reviews in Solar Physics",
year="2011",
month="Dec",
day="15",
volume="8",
number="1",
pages="6",
abstract="This paper outlines the current understanding of solar flares, mainly focused on magnetohydrodynamic (MHD) processes responsible for producing a flare. Observations show that flares are one of the most explosive phenomena in the atmosphere of the Sun, releasing a huge amount of energy up to about 1032 erg on the timescale of hours. Flares involve the heating of plasma, mass ejection, and particle acceleration that generates high-energy particles. The key physical processes for producing a flare are: the emergence of magnetic field from the solar interior to the solar atmosphere (flux emergence), local enhancement of electric current in the corona (formation of a current sheet), and rapid dissipation of electric current (magnetic reconnection) that causes shock heating, mass ejection, and particle acceleration. The evolution toward the onset of a flare is rather quasi-static when free energy is accumulated in the form of coronal electric current (field-aligned current, more precisely), while the dissipation of coronal current proceeds rapidly, producing various dynamic events that affect lower atmospheres such as the chromosphere and photosphere. Flares manifest such rapid dissipation of coronal current, and their theoretical modeling has been developed in accordance with observations, in which numerical simulations proved to be a strong tool reproducing the time-dependent, nonlinear evolution of a flare. We review the models proposed to explain the physical mechanism of flares, giving an comprehensive explanation of the key processes mentioned above. We start with basic properties of flares, then go into the details of energy build-up, release and transport in flares where magnetic reconnection works as the central engine to produce a flare.",
issn="1614-4961",
doi="10.12942/lrsp-2011-6",
url="https://doi.org/10.12942/lrsp-2011-6"
}

@ARTICLE{li2017,
   author = {{Li}, Y.-P. and {Yuan}, F. and {Wang}, Q.~D.},
    title = "{A magnetohydrodynamic model for multiwavelength flares from Sagittarius A$^{*}$ (I): model and the near-infrared and X-ray flares}",
  journal = {\mnras},
archivePrefix = "arXiv",
   eprint = {1611.02904},
 primaryClass = "astro-ph.HE",
 keywords = {accretion, accretion discs, black hole physics, magnetic reconnection, MHD, radiation mechanisms: non-thermal, Galaxy: centre},
     year = 2017,
    month = jul,
   volume = 468,
    pages = {2552-2568},
      doi = {10.1093/mnras/stx655},
   adsurl = {http://adsabs.harvard.edu/abs/2017MNRAS.468.2552L},
  adsnote = {Provided by the SAO/NASA Astrophysics Data System}
}

@ARTICLE{cerutti2012,
   author = {{Cerutti}, B. and {Uzdensky}, D.~A. and {Begelman}, M.~C.},
    title = "{Extreme Particle Acceleration in Magnetic Reconnection Layers: Application to the Gamma-Ray Flares in the Crab Nebula}",
  journal = {\apj},
archivePrefix = "arXiv",
   eprint = {1110.0557},
 primaryClass = "astro-ph.HE",
 keywords = {acceleration of particles, gamma rays: stars, ISM: individual objects: Crab Nebula, magnetic reconnection, radiation mechanisms: non-thermal},
     year = 2012,
    month = feb,
   volume = 746,
      eid = {148},
    pages = {148},
      doi = {10.1088/0004-637X/746/2/148},
   adsurl = {http://adsabs.harvard.edu/abs/2012ApJ...746..148C},
  adsnote = {Provided by the SAO/NASA Astrophysics Data System}
}

	

@ARTICLE{cerutti2014,
   author = {{Cerutti}, B. and {Werner}, G.~R. and {Uzdensky}, D.~A. and 
	{Begelman}, M.~C.},
    title = "{Gamma-ray flares in the Crab Nebula: A case of relativistic reconnection?a)}",
  journal = {Physics of Plasmas},
archivePrefix = "arXiv",
   eprint = {1401.3016},
 primaryClass = "astro-ph.HE",
     year = 2014,
    month = may,
   volume = 21,
   number = 5,
      eid = {056501},
    pages = {056501},
      doi = {10.1063/1.4872024},
   adsurl = {http://adsabs.harvard.edu/abs/2014PhPl...21e6501C},
  adsnote = {Provided by the SAO/NASA Astrophysics Data System}
}


@ARTICLE{nalewajko2016,
   author = {{Nalewajko}, K.},
    title = "{Applying Relativistic Reconnection to Blazar Jets}",
  journal = {Galaxies},
archivePrefix = "arXiv",
   eprint = {1609.01722},
 primaryClass = "astro-ph.HE",
     year = 2016,
    month = sep,
   volume = 4,
    pages = {28},
      doi = {10.3390/galaxies4030028},
   adsurl = {http://adsabs.harvard.edu/abs/2016Galax...4...28N},
  adsnote = {Provided by the SAO/NASA Astrophysics Data System}
}

@ARTICLE{petropoulou2016,
   author = {{Petropoulou}, M. and {Giannios}, D. and {Sironi}, L.},
    title = "{Blazar flares powered by plasmoids in relativistic reconnection}",
  journal = {\mnras},
archivePrefix = "arXiv",
   eprint = {1606.07447},
 primaryClass = "astro-ph.HE",
 keywords = {acceleration of particles, magnetic reconnection, radiation mechanisms: non-thermal, galaxies: active},
     year = 2016,
    month = nov,
   volume = 462,
    pages = {3325-3343},
      doi = {10.1093/mnras/stw1832},
   adsurl = {http://adsabs.harvard.edu/abs/2016MNRAS.462.3325P},
  adsnote = {Provided by the SAO/NASA Astrophysics Data System}
}


@ARTICLE{giannios2013,
   author = {{Giannios}, D.},
    title = "{Reconnection-driven plasmoids in blazars: fast flares on a slow envelope}",
  journal = {\mnras},
archivePrefix = "arXiv",
   eprint = {1211.0296},
 primaryClass = "astro-ph.HE",
 keywords = {galaxies: active, BL Lacertae objects: individual: PKS 1222+216, BL Lacertae objects: individual: PKS 2155-304, gamma rays: general},
     year = 2013,
    month = may,
   volume = 431,
    pages = {355-363},
      doi = {10.1093/mnras/stt167},
   adsurl = {http://adsabs.harvard.edu/abs/2013MNRAS.431..355G},
  adsnote = {Provided by the SAO/NASA Astrophysics Data System}
}


@ARTICLE{sironi2017,
   author = {{Sironi}, L. and {Cerutti}, B.},
    title = "{Particle Acceleration in Pulsar Wind Nebulae: PIC modelling}",
  journal = {ArXiv e-prints},
archivePrefix = "arXiv",
   eprint = {1705.10815},
 primaryClass = "astro-ph.HE",
 keywords = {Astrophysics - High Energy Astrophysical Phenomena},
     year = 2017,
    month = may,
   adsurl = {http://adsabs.harvard.edu/abs/2017arXiv170510815S},
  adsnote = {Provided by the SAO/NASA Astrophysics Data System}
}

@ARTICLE{sironi2011,
   author = {{Sironi}, L. and {Spitkovsky}, A.},
    title = "{Particle Acceleration in Relativistic Magnetized Collisionless Electron-Ion Shocks}",
  journal = {\apj},
archivePrefix = "arXiv",
   eprint = {1009.0024},
 primaryClass = "astro-ph.HE",
 keywords = {acceleration of particles, cosmic rays, galaxies: jets, gamma-ray burst: general, shock waves},
     year = 2011,
    month = jan,
   volume = 726,
      eid = {75},
    pages = {75},
      doi = {10.1088/0004-637X/726/2/75},
   adsurl = {http://adsabs.harvard.edu/abs/2011ApJ...726...75S},
  adsnote = {Provided by the SAO/NASA Astrophysics Data System}
}


@ARTICLE{li_guo_2017,
   author = {{Li}, X. and {Guo}, F. and {Li}, H. and {Li}, G.},
    title = "{Particle Acceleration during Magnetic Reconnection in a Low-beta Plasma}",
  journal = {\apj},
 keywords = {acceleration of particles, accretion, accretion disks, magnetic reconnection, Sun: corona, Sun: flares},
     year = 2017,
    month = jul,
   volume = 843,
      eid = {21},
    pages = {21},
      doi = {10.3847/1538-4357/aa745e},
   adsurl = {http://adsabs.harvard.edu/abs/2017ApJ...843...21L},
  adsnote = {Provided by the SAO/NASA Astrophysics Data System}
}


@ARTICLE{comisso2016,
   author = {{Comisso}, L. and {Lingam}, M. and {Huang}, Y.-M. and {Bhattacharjee}, A.
	},
    title = "{General theory of the plasmoid instability}",
  journal = {Physics of Plasmas},
archivePrefix = "arXiv",
   eprint = {1608.04692},
 primaryClass = "physics.plasm-ph",
     year = 2016,
    month = oct,
   volume = 23,
   number = 10,
      eid = {100702},
    pages = {100702},
      doi = {10.1063/1.4964481},
   adsurl = {http://adsabs.harvard.edu/abs/2016PhPl...23j0702C},
  adsnote = {Provided by the SAO/NASA Astrophysics Data System}
}


@ARTICLE{uzdensky2010,
   author = {{Uzdensky}, D.~A. and {Loureiro}, N.~F. and {Schekochihin}, A.~A.
	},
    title = "{Fast Magnetic Reconnection in the Plasmoid-Dominated Regime}",
  journal = {Physical Review Letters},
archivePrefix = "arXiv",
   eprint = {1008.3330},
 primaryClass = "astro-ph.SR",
 keywords = {Magnetic reconnection, Macroinstabilities, Magnetic reconnection, Magnetic reconnection},
     year = 2010,
    month = dec,
   volume = 105,
   number = 23,
      eid = {235002},
    pages = {235002},
      doi = {10.1103/PhysRevLett.105.235002},
   adsurl = {http://adsabs.harvard.edu/abs/2010PhRvL.105w5002U},
  adsnote = {Provided by the SAO/NASA Astrophysics Data System}
}

@article{daughton2014,
author = {W. Daughton and T. K. M. Nakamura and H. Karimabadi and V. Roytershteyn and B. Loring},
title = {Computing the reconnection rate in turbulent kinetic layers by using electron mixing to identify topology},
journal = {Physics of Plasmas},
volume = {21},
number = {5},
pages = {052307},
year = {2014},
doi = {10.1063/1.4875730},

URL = { 
        https://doi.org/10.1063/1.4875730
    
},
eprint = { 
        https://doi.org/10.1063/1.4875730   
}
}

@ARTICLE{cerutti2017,
   author = {{Cerutti}, B. and {Philippov}, A.~A.},
    title = "{Dissipation of the striped pulsar wind}",
  journal = {\aap},
archivePrefix = "arXiv",
   eprint = {1710.07320},
 primaryClass = "astro-ph.HE",
 keywords = {acceleration of particles, magnetic reconnection, radiation mechanisms: non-thermal, methods: numerical, pulsars: general, stars: winds, outflows},
     year = 2017,
    month = nov,
   volume = 607,
      eid = {A134},
    pages = {A134},
      doi = {10.1051/0004-6361/201731680},
   adsurl = {http://adsabs.harvard.edu/abs/2017A%26A...607A.134C},
  adsnote = {Provided by the SAO/NASA Astrophysics Data System}
}


@ARTICLE{kagan2013,
   author = {{Kagan}, D. and {Milosavljevi{\'c}}, M. and {Spitkovsky}, A.
	},
    title = "{A Flux Rope Network and Particle Acceleration in Three-dimensional Relativistic Magnetic Reconnection}",
  journal = {\apj},
archivePrefix = "arXiv",
   eprint = {1208.0849},
 primaryClass = "astro-ph.HE",
 keywords = {acceleration of particles, instabilities, magnetic fields, magnetic reconnection, plasmas, relativistic processes },
     year = 2013,
    month = sep,
   volume = 774,
      eid = {41},
    pages = {41},
      doi = {10.1088/0004-637X/774/1/41},
   adsurl = {http://adsabs.harvard.edu/abs/2013ApJ...774...41K},
  adsnote = {Provided by the SAO/NASA Astrophysics Data System}
}


@ARTICLE{melzani2014b,
   author = {{Melzani}, M. and {Walder}, R. and {Folini}, D. and {Winisdoerffer}, C. and 
	{Favre}, J.~M.},
    title = "{The energetics of relativistic magnetic reconnection: ion-electron repartition and particle distribution hardness}",
  journal = {\aap},
archivePrefix = "arXiv",
   eprint = {1405.2938},
 primaryClass = "astro-ph.HE",
 keywords = {plasmas, methods: numerical, magnetic reconnection, instabilities, relativistic processes},
     year = 2014,
    month = oct,
   volume = 570,
      eid = {A112},
    pages = {A112},
      doi = {10.1051/0004-6361/201424193},
   adsurl = {http://adsabs.harvard.edu/abs/2014A%26A...570A.112M},
  adsnote = {Provided by the SAO/NASA Astrophysics Data System}
}

@ARTICLE{mao2017,
   author = {{Mao}, S.~A. and {Dexter}, J. and {Quataert}, E.},
    title = "{The impact of non-thermal electrons on event horizon scale images and spectra of Sgr A*}",
  journal = {\mnras},
archivePrefix = "arXiv",
   eprint = {1611.04601},
 primaryClass = "astro-ph.HE",
 keywords = {accretion, accretion disks, radiative transfer, Galaxy: centre, black hole physics, relativistic processes, accretion discs},
     year = 2017,
    month = apr,
   volume = 466,
    pages = {4307-4319},
      doi = {10.1093/mnras/stw3324},
   adsurl = {http://adsabs.harvard.edu/abs/2017MNRAS.466.4307M},
  adsnote = {Provided by the SAO/NASA Astrophysics Data System}
}

@ARTICLE{fermo2010,
   author = {{Fermo}, R.~L. and {Drake}, J.~F. and {Swisdak}, M.},
    title = "{A statistical model of magnetic islands in a current layer}",
  journal = {Physics of Plasmas},
archivePrefix = "arXiv",
   eprint = {0910.4971},
 primaryClass = "physics.plasm-ph",
 keywords = {astrophysical plasma, integro-differential equations, magnetic reconnection, magnetosphere, plasma simulation, solar corona, statistical distributions, Magnetic reconnection, Magnetohydrodynamics, Particle-in-cell method, Corona, Magnetohydrodynamics and plasmas, Space plasma physics},
     year = 2010,
    month = jan,
   volume = 17,
   number = 1,
      eid = {010702},
    pages = {010702},
      doi = {10.1063/1.3286437},
   adsurl = {http://adsabs.harvard.edu/abs/2010PhPl...17a0702F},
  adsnote = {Provided by the SAO/NASA Astrophysics Data System}
}


@ARTICLE{loureiro2007,
   author = {{Loureiro}, N.~F. and {Schekochihin}, A.~A. and {Cowley}, S.~C.
	},
    title = "{Instability of current sheets and formation of plasmoid chains}",
  journal = {Physics of Plasmas},
   eprint = {astro-ph/0703631},
 keywords = {Magnetic reconnection, Macroinstabilities, Physics of the magnetosphere, Magnetic reconnection, Magnetic reconnection},
     year = 2007,
    month = oct,
   volume = 14,
   number = 10,
    pages = {100703-100703},
      doi = {10.1063/1.2783986},
   adsurl = {http://adsabs.harvard.edu/abs/2007PhPl...14j0703L},
  adsnote = {Provided by the SAO/NASA Astrophysics Data System}
}



@ARTICLE{takamoto2013,
   author = {{Takamoto}, M.},
    title = "{Evolution of Relativistic Plasmoid Chains in a Poynting-dominated Plasma}",
  journal = {\apj},
archivePrefix = "arXiv",
   eprint = {1307.5677},
 primaryClass = "astro-ph.HE",
 keywords = {magnetic fields, magnetic reconnection, magnetohydrodynamics: MHD, plasmas, relativistic processes },
     year = 2013,
    month = sep,
   volume = 775,
      eid = {50},
    pages = {50},
      doi = {10.1088/0004-637X/775/1/50},
   adsurl = {http://adsabs.harvard.edu/abs/2013ApJ...775...50T},
  adsnote = {Provided by the SAO/NASA Astrophysics Data System}
}


@ARTICLE{huang2012,
   author = {{Huang}, Y.-M. and {Bhattacharjee}, A.},
    title = "{Distribution of Plasmoids in High-Lundquist-Number Magnetic Reconnection}",
  journal = {Physical Review Letters},
archivePrefix = "arXiv",
   eprint = {1211.6708},
 primaryClass = "physics.plasm-ph",
 keywords = {Magnetic reconnection, Macroinstabilities, Magnetic reconnection, Magnetic reconnection},
     year = 2012,
    month = dec,
   volume = 109,
   number = 26,
      eid = {265002},
    pages = {265002},
      doi = {10.1103/PhysRevLett.109.265002},
   adsurl = {http://adsabs.harvard.edu/abs/2012PhRvL.109z5002H},
  adsnote = {Provided by the SAO/NASA Astrophysics Data System}
}

@misc{buneman1993, 
author = {{Buneman}, O.}, 
title = "{in``Computer Space Plasma Physics'', Terra Scientific, Tokyo, 67}", 
year = 1993
}

@ARTICLE{deHoffmann50,
   author = {{de Hoffmann}, F. and {Teller}, E.},
    title = "{Magneto-Hydrodynamic Shocks}",
  journal = {Physical Review },
     year = 1950,
    month = nov,
   volume = 80,
    pages = {692-703},
      doi = {10.1103/PhysRev.80.692},
   adsurl = {http://adsabs.harvard.edu/abs/1950PhRv...80..692D},
  adsnote = {Provided by the SAO/NASA Astrophysics Data System}
}


@INPROCEEDINGS{spitkovsky2005,
   author = {{Spitkovsky}, A.},
    title = "{Simulations of relativistic collisionless shocks: shock structure and particle acceleration}",
 keywords = {astrophysical plasma, relativistic plasmas, plasma simulation, plasma shock waves, acceleration, Magnetohydrodynamics and plasmas, Relativistic plasmas, Electron-positron plasmas, Particle-in-cell method, Shock waves and discontinuities},
booktitle = {Astrophysical Sources of High Energy Particles and Radiation},
     year = 2005,
   series = {AIP Conf. Ser.},
   volume = 801,
   eprint = {arXiv:astro-ph/0603211},
   editor = "{T.~Bulik, B.~Rudak, \& G.~Madejski}",
    month = nov,
    pages = {345},
      doi = {10.1063/1.2141897},
   adsurl = {http://adsabs.harvard.edu/abs/2005AIPC..801..345S},
  adsnote = {Provided by the SAO/NASA Astrophysics Data System}
}

@ARTICLE{coroniti1990,
	author = {{Coroniti}, F.~V.},
	title = "{Magnetically striped relativistic magnetohydrodynamic winds - The Crab Nebula revisited}",
	journal = {\apj},
	keywords = {Crab Nebula, Magnetohydrodynamic Flow, Relativistic Plasmas, Stellar Winds, Astronomical Models, Computational Astrophysics, Pulsars},
	year = 1990,
	month = feb,
	volume = 349,
	pages = {538-545},
	doi = {10.1086/168340},
	adsurl = {http://adsabs.harvard.edu/abs/1990ApJ...349..538C},
	adsnote = {Provided by the SAO/NASA Astrophysics Data System}
}

@ARTICLE{lyubarsky2001,
	author = {{Lyubarsky}, Y. and {Kirk}, J.~G.},
	title = "{Reconnection in a Striped Pulsar Wind}",
	journal = {\apj},
	eprint = {astro-ph/0009270},
	keywords = {Magnetohydrodynamics: MHD, Plasmas, Stars: Pulsars: General, Stars: Pulsars: Individual: Name: Crab Pulsar, Stars: Winds, Outflows, Waves},
	year = 2001,
	month = jan,
	volume = 547,
	pages = {437-448},
	doi = {10.1086/318354},
	adsurl = {http://adsabs.harvard.edu/abs/2001ApJ...547..437L},
	adsnote = {Provided by the SAO/NASA Astrophysics Data System}
}

@ARTICLE{zenitani2001,
	author = {{Zenitani}, S. and {Hoshino}, M.},
	title = "{The Generation of Nonthermal Particles in the Relativistic Magnetic Reconnection of Pair Plasmas}",
	journal = {\apjl},
	archivePrefix = "arXiv",
	eprint = {1402.7139},
	primaryClass = "astro-ph.HE",
	keywords = {Acceleration of Particles, Magnetic Fields, Plasmas, Stars: Pulsars: Individual: Name: Crab Nebula, Relativity, Stars: Winds, Outflows},
	year = 2001,
	month = nov,
	volume = 562,
	pages = {L63-L66},
	doi = {10.1086/337972},
	adsurl = {http://adsabs.harvard.edu/abs/2001ApJ...562L..63Z},
	adsnote = {Provided by the SAO/NASA Astrophysics Data System}
}

@ARTICLE{kirk2003,
	author = {{Kirk}, J.~G. and {Skj{\ae}raasen}, O.},
	title = "{Dissipation in Poynting-Flux-dominated Flows: The {$\sigma$}-Problem of the Crab Pulsar Wind}",
	journal = {\apj},
	eprint = {astro-ph/0303194},
	keywords = {Magnetohydrodynamics: MHD, Plasmas, Stars: Pulsars: General, Stars: Pulsars: Individual: Name: Crab Pulsar},
	year = 2003,
	month = jul,
	volume = 591,
	pages = {366-379},
	doi = {10.1086/375215},
	adsurl = {http://adsabs.harvard.edu/abs/2003ApJ...591..366K},
	adsnote = {Provided by the SAO/NASA Astrophysics Data System}
}

@ARTICLE{contopoulos2007,
	author = {{Contopoulos}, I.},
	title = "{The magnetic field topology in the reconnecting pulsar magnetosphere}",
	journal = {\aap},
	archivePrefix = "arXiv",
	eprint = {0706.2255},
	keywords = {stars: pulsars general, magnetic fields, acceleration of particles},
	year = 2007,
	month = sep,
	volume = 472,
	pages = {219-223},
	doi = {10.1051/0004-6361:20077167},
	adsurl = {http://adsabs.harvard.edu/abs/2007A%26A...472..219C},
	adsnote = {Provided by the SAO/NASA Astrophysics Data System}
}

@ARTICLE{contopoulos2007b,
	author = {{Contopoulos}, I.},
	title = "{The role of reconnection in the pulsar magnetosphere}",
	journal = {\aap},
	keywords = {pulsars: general, magnetic fields, magnetohydrodynamics (MHD), Astrophysics},
	year = "2007",
	month = "Apr",
	volume = {466},
	pages = {301-307},
	doi = {10.1051/0004-6361:20065973},
	archivePrefix = {arXiv},
	eprint = {astro-ph/0610156},
	primaryClass = {astro-ph},
	adsurl = {https://ui.adsabs.harvard.edu/\#abs/2007A&A...466..301C},
	adsnote = {Provided by the SAO/NASA Astrophysics Data System}
}



@ARTICLE{philippov2014,
	author = {{Philippov}, A.~A. and {Spitkovsky}, A.},
	title = "{Ab Initio Pulsar Magnetosphere: Three-dimensional Particle-in-cell Simulations of Axisymmetric Pulsars}",
	journal = {\apjl},
	archivePrefix = "arXiv",
	eprint = {1312.4970},
	primaryClass = "astro-ph.HE",
	keywords = {plasmas, pulsars: general, stars: magnetic field, stars: rotation},
	year = 2014,
	month = apr,
	volume = 785,
	eid = {L33},
	pages = {L33},
	doi = {10.1088/2041-8205/785/2/L33},
	adsurl = {http://adsabs.harvard.edu/abs/2014ApJ...785L..33P},
	adsnote = {Provided by the SAO/NASA Astrophysics Data System}
}

@ARTICLE{galeev1979,
	author = {{Galeev}, A.~A. and {Rosner}, R. and {Vaiana}, G.~S.},
	title = "{Structured coronae of accretion disks}",
	journal = {\apj},
	keywords = {Binary Stars, Coronas, Cosmic X Rays, Magnetohydrodynamics, Stellar Mass Accretion, X Ray Sources, Buoyancy, Convection Currents, Cooling, Energy Dissipation, Interstellar Gas, Interstellar Magnetic Fields, Stellar Luminosity, Thermal Plasmas},
	year = 1979,
	month = apr,
	volume = 229,
	pages = {318-326},
	doi = {10.1086/156957},
	adsurl = {http://adsabs.harvard.edu/abs/1979ApJ...229..318G},
	adsnote = {Provided by the SAO/NASA Astrophysics Data System}
}

@ARTICLE{dimatteo1998,
	author = {{Di Matteo}, T.},
	title = "{Magnetic reconnection: flares and coronal heating in active galactic nuclei}",
	journal = {\mnras},
	eprint = {astro-ph/9805347},
	keywords = {ACCRETION, ACCRETION DISCS, MAGNETIC FIELDS, MHD, GALAXIES: ACTIVE},
	year = 1998,
	month = aug,
	volume = 299,
	pages = {L15-l20},
	doi = {10.1046/j.1365-8711.1998.01950.x},
	adsurl = {http://adsabs.harvard.edu/abs/1998MNRAS.299L..15D},
	adsnote = {Provided by the SAO/NASA Astrophysics Data System}
}

@ARTICLE{uzdensky2008,
	author = {{Uzdensky}, D.~A. and {Goodman}, J.},
	title = "{Statistical Description of a Magnetized Corona above a Turbulent Accretion Disk}",
	journal = {\apj},
	archivePrefix = "arXiv",
	eprint = {0803.0337},
	keywords = {accretion, accretion disks, magnetic fields, MHD, Sun: corona, Sun: magnetic fields, X-rays: binaries },
	year = 2008,
	month = jul,
	volume = 682,
	eid = {608-629},
	pages = {608-629},
	doi = {10.1086/588812},
	adsurl = {http://adsabs.harvard.edu/abs/2008ApJ...682..608U},
	adsnote = {Provided by the SAO/NASA Astrophysics Data System}
}

@INPROCEEDINGS{petri2008,
	author = {{P{\'e}tri}, J. and {Lyubarsky}, Y.},
	title = "{Magnetic reconnection at the termination shock in a striped pulsar wind}",
	keywords = {Pulsars, General, solar nebula, cosmogony, Magnetohydrodynamics and plasmas, Numerical simulation, solution of equations, Planetary bow shocks, interplanetary shocks, Magnetic reconnection},
	booktitle = {40 Years of Pulsars: Millisecond Pulsars, Magnetars and More},
	year = 2008,
	series = {American Institute of Physics Conference Series},
	volume = 983,
	editor = {{Bassa}, C. and {Wang}, Z. and {Cumming}, A. and {Kaspi}, V.~M.
	},
	month = feb,
	pages = {207-209},
	doi = {10.1063/1.2900142},
	adsurl = {http://adsabs.harvard.edu/abs/2008AIPC..983..207P},
	adsnote = {Provided by the SAO/NASA Astrophysics Data System}
}

@ARTICLE{thompson1994,
	author = {{Thompson}, C.},
	title = "{A Model of Gamma-Ray Bursts}",
	journal = {\mnras},
	year = 1994,
	month = oct,
	volume = 270,
	pages = {480},
	doi = {10.1093/mnras/270.3.480},
	adsurl = {http://adsabs.harvard.edu/abs/1994MNRAS.270..480T},
	adsnote = {Provided by the SAO/NASA Astrophysics Data System}
}
@ARTICLE{thompson2006,
	author = {{Thompson}, C.},
	title = "{Deceleration of a Relativistic, Photon-rich Shell: End of Preacceleration, Damping of Magnetohydrodynamic Turbulence, and the Emission Mechanism of Gamma-Ray Bursts}",
	journal = {\apj},
	eprint = {astro-ph/0507387},
	keywords = {Gamma Rays: Bursts},
	year = 2006,
	month = nov,
	volume = 651,
	pages = {333-365},
	doi = {10.1086/505290},
	adsurl = {http://adsabs.harvard.edu/abs/2006ApJ...651..333T},
	adsnote = {Provided by the SAO/NASA Astrophysics Data System}
}

@ARTICLE{usov1994,
	author = {{Usov}, V.~V.},
	title = "{On the Nature of Nonthermal Radiation from Cosmological Gamma-Ray Bursters}",
	journal = {\mnras},
	eprint = {astro-ph/9312024},
	keywords = {radiation mechanisms: non-thermal - pulsars: general - gamma-rays: bursts},
	year = 1994,
	month = apr,
	volume = 267,
	pages = {1035},
	doi = {10.1093/mnras/267.4.1035},
	adsurl = {http://adsabs.harvard.edu/abs/1994MNRAS.267.1035U},
	adsnote = {Provided by the SAO/NASA Astrophysics Data System}
}

@ARTICLE{spruit2001,
	author = {{Spruit}, H.~C. and {Daigne}, F. and {Drenkhahn}, G.},
	title = "{Large scale magnetic fields and their dissipation in GRB fireballs}",
journal = {\aap},
eprint = {astro-ph/0004274},
keywords = {GAMMA-RAY BURSTS, MAGNETIC FIELDS, RADIATION MECHANISMS: NONTHERMAL, SHOCK WAVES},
year = 2001,
month = apr,
volume = 369,
pages = {694-705},
doi = {10.1051/0004-6361:20010131},
adsurl = {http://adsabs.harvard.edu/abs/2001A%26A...369..694S},
adsnote = {Provided by the SAO/NASA Astrophysics Data System}
}
}

@ARTICLE{drenkhahn2002,
author = {{Drenkhahn}, G. and {Spruit}, H.~C.},
title = "{Efficient acceleration and radiation in Poynting flux powered GRB outflows}",
journal = {\aap},
eprint = {astro-ph/0202387},
keywords = {gamma rays: bursts, magnetic fields, magnetohydrodynamics (MHD), stars: winds, outflows},
year = 2002,
month = sep,
volume = 391,
pages = {1141-1153},
doi = {10.1051/0004-6361:20020839},
adsurl = {http://adsabs.harvard.edu/abs/2002A%26A...391.1141D},
adsnote = {Provided by the SAO/NASA Astrophysics Data System}
}


@ARTICLE{lyutikov2003,
	author = {{Lyutikov}, M. and {Blandford}, R.},
	title = "{Gamma Ray Bursts as Electromagnetic Outflows}",
	journal = {ArXiv Astrophysics e-prints},
	eprint = {astro-ph/0312347},
	keywords = {Astrophysics},
	year = 2003,
	month = dec,
	adsurl = {http://adsabs.harvard.edu/abs/2003astro.ph.12347L},
	adsnote = {Provided by the SAO/NASA Astrophysics Data System}
}


@ARTICLE{giannios2008,
	author = {{Giannios}, D.},
	title = "{Prompt GRB emission from gradual energy dissipation}",
	journal = {\aap},
	archivePrefix = "arXiv",
	eprint = {0711.2632},
	keywords = {gamma rays: bursts, radiation mechanisms: general, methods: statistical},
	year = 2008,
	month = mar,
	volume = 480,
	pages = {305-312},
	doi = {10.1051/0004-6361:20079085},
	adsurl = {http://adsabs.harvard.edu/abs/2008A%26A...480..305G},
	adsnote = {Provided by the SAO/NASA Astrophysics Data System}
}

@ARTICLE{lyubarsky2008,
	author = {{Lyubarsky}, Y. and {Liverts}, M.},
	title = "{Particle Acceleration in the Driven Relativistic Reconnection}",
	journal = {\apj},
	archivePrefix = "arXiv",
	eprint = {0805.0085},
	keywords = {acceleration of particles, magnetic fields, plasmas},
	year = 2008,
	month = aug,
	volume = 682,
	eid = {1436-1442},
	pages = {1436-1442},
	doi = {10.1086/589640},
	adsurl = {http://adsabs.harvard.edu/abs/2008ApJ...682.1436L},
	adsnote = {Provided by the SAO/NASA Astrophysics Data System}
}

@ARTICLE{ball2018,
	author = {{Ball}, David and {Sironi}, Lorenzo and {{\"O}zel}, Feryal},
	title = "{Electron and Proton Acceleration in Trans-relativistic Magnetic
	Reconnection: Dependence on Plasma Beta and Magnetization}",
	journal = {\apj},
	keywords = {accretion, accretion disks, galaxies: jets, magnetic reconnection,
	radiation mechanisms: nonthermal, X-rays: binaries, Astrophysics
	- High Energy Astrophysical Phenomena},
	year = 2018,
	month = Jul,
	volume = {862},
	eid = {80},
	pages = {80},
	doi = {10.3847/1538-4357/aac820},
	primaryClass = {astro-ph.HE},
	adsurl = {https://ui.adsabs.harvard.edu/#abs/2018ApJ...862...80B},
	adsnote = {Provided by the SAO/NASA Astrophysics Data System}
}

@ARTICLE{werner2017,
	author = {{Werner}, Gregory R. and {Uzdensky}, Dmitri A.},
	title = "{Nonthermal Particle Acceleration in 3D Relativistic Magnetic
	Reconnection in Pair Plasma}",
	journal = {\apj},
	keywords = {acceleration of particles, galaxies: jets, gamma-ray burst: general,
	magnetic reconnection, pulsars: general, relativistic processes,
	Astrophysics - High Energy Astrophysical Phenomena, Physics -
	Plasma Physics},
	year = 2017,
	month = Jul,
	volume = {843},
	eid = {L27},
	pages = {L27},
	doi = {10.3847/2041-8213/aa7892},
	primaryClass = {Astrophysics - High Energy Astrophysical Phenomena},
	adsurl = {https://ui.adsabs.harvard.edu/#abs/2017ApJ...843L..27W},
	adsnote = {Provided by the SAO/NASA Astrophysics Data System}
}

@ARTICLE{haggerty2017,
	author = {{Haggerty}, C.~C. and {Parashar}, T.~N. and {Matthaeus}, W.~H. and 
	{Shay}, M.~A. and {Yang}, Y. and {Wan}, M. and {Wu}, P. and 
	{Servidio}, S.},
	title = "{Exploring the statistics of magnetic reconnection X-points in kinetic particle-in-cell turbulence}",
	journal = {Physics of Plasmas},
	archivePrefix = "arXiv",
	eprint = {1706.04905},
	primaryClass = "physics.space-ph",
	year = 2017,
	month = oct,
	volume = 24,
	number = 10,
	eid = {102308},
	pages = {102308},
	doi = {10.1063/1.5001722},
	adsurl = {http://adsabs.harvard.edu/abs/2017PhPl...24j2308H},
	adsnote = {Provided by the SAO/NASA Astrophysics Data System}
}

@ARTICLE{servidio2009,
	author = {{Servidio}, S. and {Matthaeus}, W.~H. and {Shay}, M.~A. and {Cassak},
	P.~A. and {Dmitruk}, P.},
	title = "{Magnetic Reconnection in Two-Dimensional Magnetohydrodynamic Turbulence}",
	journal = {\prl},
	keywords = {52.35.Vd, 96.50.Bh, 96.50.Tf, 96.60.Iv, Magnetic reconnection,
	Interplanetary magnetic fields, MHD waves, plasma waves
	turbulence, Magnetic reconnection},
	year = 2009,
	month = Mar,
	volume = {102},
	eid = {115003},
	pages = {115003},
	doi = {10.1103/PhysRevLett.102.115003},
	adsurl = {https://ui.adsabs.harvard.edu/#abs/2009PhRvL.102k5003S},
	adsnote = {Provided by the SAO/NASA Astrophysics Data System}
}

@ARTICLE{guo2019,
	author = {{Guo}, Fan and {Li}, Xiaocan and {Daughton}, William and
	{Kilian}, Patrick and {Li}, Hui and {Liu}, Yi-Hsin and
	{Yan}, Wangcheng and {Ma}, Dylan},
	title = "{Determining the Dominant Acceleration Mechanism during Relativistic Magnetic Reconnection in Large-scale Systems}",
	journal = {\apjl},
	keywords = {acceleration of particles, galaxies: jets, magnetic reconnection, relativistic processes, gamma-ray burst: general, pulsars: general, Astrophysics - High Energy Astrophysical Phenomena, Astrophysics - Solar and Stellar Astrophysics, Physics - Plasma Physics, Physics - Space Physics},
	year = "2019",
	month = "Jul",
	volume = {879},
	number = {2},
	eid = {L23},
	pages = {L23},
	doi = {10.3847/2041-8213/ab2a15},
	archivePrefix = {arXiv},
	eprint = {1901.08308},
	primaryClass = {astro-ph.HE},
	adsurl = {https://ui.adsabs.harvard.edu/abs/2019ApJ...879L..23G},
	adsnote = {Provided by the SAO/NASA Astrophysics Data System}
}



@ARTICLE{chael2018,
	author = {{Chael}, Andrew and {Rowan}, Michael and {Narayan}, Ramesh and
	{Johnson}, Michael and {Sironi}, Lorenzo},
	title = "{The role of electron heating physics in images and variability of the Galactic Centre black hole Sagittarius A*}",
	journal = {\mnras},
	keywords = {accretion, accretion discs, black hole physics, radiation mechanisms: non-thermal, relativistic processes, methods: numerical, Galaxy: centre, Astrophysics - High Energy Astrophysical Phenomena},
	year = "2018",
	month = "Aug",
	volume = {478},
	pages = {5209-5229},
	doi = {10.1093/mnras/sty1261},
	archivePrefix = {arXiv},
	eprint = {1804.06416},
	primaryClass = {astro-ph.HE},
	adsurl = {https://ui.adsabs.harvard.edu/\#abs/2018MNRAS.478.5209C},
	adsnote = {Provided by the SAO/NASA Astrophysics Data System}
}

@ARTICLE{loureiro2016,
	author = {{Loureiro}, N.~F. and {Uzdensky}, D.~A.},
	title = "{Magnetic reconnection: from the Sweet-Parker model to stochastic plasmoid chains}",
	journal = {Plasma Physics and Controlled Fusion},
	keywords = {Physics - Plasma Physics, Astrophysics - Solar and Stellar Astrophysics},
	year = "2016",
	month = "Jan",
	volume = {58},
	eid = {014021},
	pages = {014021},
	doi = {10.1088/0741-3335/58/1/014021},
	archivePrefix = {arXiv},
	eprint = {1507.07756},
	primaryClass = {physics.plasm-ph},
	adsurl = {https://ui.adsabs.harvard.edu/\#abs/2016PPCF...58a4021L},
	adsnote = {Provided by the SAO/NASA Astrophysics Data System}
}

@ARTICLE{kadowaki2018,
	author = {{Kadowaki}, Luis H.~S. and {De Gouveia Dal Pino}, Elisabete M. and
	{Stone}, James M.},
	title = "{MHD Instabilities in Accretion Disks and Their Implications in Driving Fast Magnetic Reconnection}",
	journal = {\apj},
	keywords = {accretion, accretion disks, instabilities, magnetic reconnection, magnetohydrodynamics: MHD, turbulence, Astrophysics - High Energy Astrophysical Phenomena},
	year = "2018",
	month = "Sep",
	volume = {864},
	eid = {52},
	pages = {52},
	doi = {10.3847/1538-4357/aad4ff},
	archivePrefix = {arXiv},
	eprint = {1803.08557},
	primaryClass = {astro-ph.HE},
	adsurl = {https://ui.adsabs.harvard.edu/\#abs/2018ApJ...864...52K},
	adsnote = {Provided by the SAO/NASA Astrophysics Data System}
}

@ARTICLE{kowal2011,
	author = {{Kowal}, Grzegorz and {de Gouveia Dal Pino}, E.~M. and {Lazarian}, A.},
	title = "{Magnetohydrodynamic Simulations of Reconnection and Particle Acceleration: Three-dimensional Effects}",
	journal = {\apj},
	keywords = {acceleration of particles, magnetic reconnection, magnetohydrodynamics: MHD, methods: numerical, Astrophysics - High Energy Astrophysical Phenomena},
	year = "2011",
	month = "Jul",
	volume = {735},
	eid = {102},
	pages = {102},
	doi = {10.1088/0004-637X/735/2/102},
	archivePrefix = {arXiv},
	eprint = {1103.2984},
	primaryClass = {astro-ph.HE},
	adsurl = {https://ui.adsabs.harvard.edu/\#abs/2011ApJ...735..102K},
	adsnote = {Provided by the SAO/NASA Astrophysics Data System}
}

@ARTICLE{nalewajko2018,
	author = {{Nalewajko}, Krzysztof and {Yuan}, Yajie and
	{Chru{\'s}li{\'n}ska}, Martyna},
	title = "{Kinetic simulations of relativistic magnetic reconnection with synchrotron and inverse Compton cooling}",
	journal = {Journal of Plasma Physics},
	keywords = {astrophysical plasmas, plasma simulation, Astrophysics - High Energy Astrophysical Phenomena, Physics - Plasma Physics},
	year = "2018",
	month = "Jun",
	volume = {84},
	eid = {755840301},
	pages = {755840301},
	doi = {10.1017/S0022377818000624},
	archivePrefix = {arXiv},
	eprint = {1805.11102},
	primaryClass = {astro-ph.HE},
	adsurl = {https://ui.adsabs.harvard.edu/\#abs/2018JPlPh..84c7501N},
	adsnote = {Provided by the SAO/NASA Astrophysics Data System}
}

@ARTICLE{romanova1992,
	author = {{Romanova}, M.~M. and {Lovelace}, R.~V.~E.},
	title = "{Magnetic field, reconnection and particle acceleration in extragalactic jets.}",
	journal = {\aap},
	keywords = {Extragalactic Radio Sources, Magnetic Field Reconnection, Particle Acceleration, Radio Jets (Astronomy), Magnetic Field Configurations, Radio Galaxies, Astrophysics},
	year = "1992",
	month = "Aug",
	volume = {262},
	pages = {26-36},
	adsurl = {https://ui.adsabs.harvard.edu/\#abs/1992A&A...262...26R},
	adsnote = {Provided by the SAO/NASA Astrophysics Data System}
}

@ARTICLE{nalewajko2018b,
	author = {{Nalewajko}, Krzysztof},
	title = "{Three-dimensional kinetic simulations of relativistic magnetostatic equilibria}",
	journal = {\mnras},
	keywords = {acceleration of particles, instabilities, magnetic reconnection, plasmas, relativistic processes, methods: numerical, Astrophysics - High Energy Astrophysical Phenomena, Physics - Plasma Physics},
	year = "2018",
	month = "Dec",
	volume = {481},
	pages = {4342-4354},
	doi = {10.1093/mnras/sty2549},
	archivePrefix = {arXiv},
	eprint = {1809.07773},
	primaryClass = {astro-ph.HE},
	adsurl = {https://ui.adsabs.harvard.edu/\#abs/2018MNRAS.481.4342N},
	adsnote = {Provided by the SAO/NASA Astrophysics Data System}
}

@ARTICLE{giannios2009,
	author = {{Giannios}, Dimitrios and {Uzdensky}, Dmitri A. and
	{Begelman}, Mitchell C.},
	title = "{Fast TeV variability in blazars: jets in a jet}",
	journal = {\mnras},
	keywords = {radiation mechanisms: non-thermal, galaxies: active, BL Lacertae objects: individual: PKS 2155-304, BL Lacertae objects: individual: Mrk 501, gamma-rays: theory, Astrophysics - High Energy Astrophysical Phenomena},
	year = "2009",
	month = "May",
	volume = {395},
	pages = {L29-L33},
	doi = {10.1111/j.1745-3933.2009.00635.x},
	archivePrefix = {arXiv},
	eprint = {0901.1877},
	primaryClass = {astro-ph.HE},
	adsurl = {https://ui.adsabs.harvard.edu/\#abs/2009MNRAS.395L..29G},
	adsnote = {Provided by the SAO/NASA Astrophysics Data System}
}

@ARTICLE{giannios2010,
	author = {{Giannios}, Dimitrios},
	title = "{UHECRs from magnetic reconnection in relativistic jets}",
	journal = {\mnras},
	keywords = {magnetic reconnection, galaxies: active, cosmic rays: ultra-high energies, gamma-ray burst: general, Astrophysics - High Energy Astrophysical Phenomena},
	year = "2010",
	month = "Oct",
	volume = {408},
	pages = {L46-L50},
	doi = {10.1111/j.1745-3933.2010.00925.x},
	archivePrefix = {arXiv},
	eprint = {1007.1522},
	primaryClass = {astro-ph.HE},
	adsurl = {https://ui.adsabs.harvard.edu/\#abs/2010MNRAS.408L..46G},
	adsnote = {Provided by the SAO/NASA Astrophysics Data System}
}

@ARTICLE{christie2019,
	author = {{Christie}, I.~M. and {Petropoulou}, M. and {Sironi}, L. and
	{Giannios}, D.},
	title = "{Radiative signatures of plasmoid-dominated reconnection in blazar jets}",
	journal = {\mnras},
	keywords = {magnetic reconnection, radiation mechanisms: non-thermal, galaxies: jets, Astrophysics - High Energy Astrophysical Phenomena},
	year = "2019",
	month = "Jan",
	volume = {482},
	pages = {65-82},
	doi = {10.1093/mnras/sty2636},
	archivePrefix = {arXiv},
	eprint = {1807.08041},
	primaryClass = {astro-ph.HE},
	adsurl = {https://ui.adsabs.harvard.edu/\#abs/2019MNRAS.482...65C},
	adsnote = {Provided by the SAO/NASA Astrophysics Data System}
}

@ARTICLE{zenitani2007,
	author = {{Zenitani}, S. and {Hoshino}, M.},
	title = "{Particle Acceleration and Magnetic Dissipation in Relativistic Current Sheet of Pair Plasmas}",
	journal = {\apj},
	keywords = {Acceleration of Particles, Magnetic Fields, Plasmas, Stars: Pulsars: Individual: Name: Crab Pulsar, Relativity, Stars: Winds, Outflows, Astrophysics},
	year = "2007",
	month = "Nov",
	volume = {670},
	pages = {702-726},
	doi = {10.1086/522226},
	archivePrefix = {arXiv},
	eprint = {0708.1000},
	primaryClass = {astro-ph},
	adsurl = {https://ui.adsabs.harvard.edu/\#abs/2007ApJ...670..702Z},
	adsnote = {Provided by the SAO/NASA Astrophysics Data System}
}

@ARTICLE{beniamini2017,
	author = {{Beniamini}, Paz and {Giannios}, Dimitrios},
	title = "{Prompt gamma-ray burst emission from gradual magnetic dissipation}",
	journal = {\mnras},
	keywords = {magnetic reconnection, radiation mechanisms: non-thermal, radiation mechanisms: thermal, gamma-ray burst: general, Astrophysics - High Energy Astrophysical Phenomena},
	year = "2017",
	month = "Jul",
	volume = {468},
	pages = {3202-3211},
	doi = {10.1093/mnras/stx717},
	archivePrefix = {arXiv},
	eprint = {1703.07380},
	primaryClass = {astro-ph.HE},
	adsurl = {https://ui.adsabs.harvard.edu/\#abs/2017MNRAS.468.3202B},
	adsnote = {Provided by the SAO/NASA Astrophysics Data System}
}

@ARTICLE{werner2019,
	author = {{Werner}, Gregory R. and {Philippov}, Alexander A. and
	{Uzdensky}, Dmitri A.},
	title = "{Particle acceleration in relativistic magnetic reconnection with strong inverse-Compton cooling in pair plasmas}",
	journal = {\mnras},
	keywords = {acceleration of particles, accretion, accretion discs, magnetic reconnection, radiation mechanisms: general, galaxies: jets, X-rays: binaries, Astrophysics - High Energy Astrophysical Phenomena, Physics - Plasma Physics},
	year = "2019",
	month = "Jan",
	volume = {482},
	pages = {L60-L64},
	doi = {10.1093/mnrasl/sly157},
	archivePrefix = {arXiv},
	eprint = {1805.01910},
	primaryClass = {astro-ph.HE},
	adsurl = {https://ui.adsabs.harvard.edu/\#abs/2019MNRAS.482L..60W},
	adsnote = {Provided by the SAO/NASA Astrophysics Data System}
}

@ARTICLE{achterberg2001,
	author = {{Achterberg}, Abraham and {Gallant}, Yves A. and {Kirk}, John G. and
	{Guthmann}, Axel W.},
	title = "{Particle acceleration by ultrarelativistic shocks: theory and simulations}",
	journal = {\mnras},
	keywords = {ACCELERATION OF PARTICLES, SHOCK WAVES, COSMIC RAYS, GAMMA-RAYS: BURSTS, Astrophysics},
	year = "2001",
	month = "Dec",
	volume = {328},
	number = {2},
	pages = {393-408},
	doi = {10.1046/j.1365-8711.2001.04851.x},
	archivePrefix = {arXiv},
	eprint = {astro-ph/0107530},
	primaryClass = {astro-ph},
	adsurl = {https://ui.adsabs.harvard.edu/abs/2001MNRAS.328..393A},
	adsnote = {Provided by the SAO/NASA Astrophysics Data System}
}

@ARTICLE{hakobyan2018,
	author = {{Hakobyan}, Hayk and {Philippov}, Alexander and {Spitkovsky}, Anatoly},
	title = "{Effects of Synchrotron Cooling and Pair Production on Collisionless Relativistic Reconnection}",
	journal = {\apj},
	keywords = {acceleration of particles, gamma rays: stars, magnetic reconnection, plasmas, pulsars: general, radiation mechanisms: non-thermal, Astrophysics - High Energy Astrophysical Phenomena},
	year = "2019",
	month = "May",
	volume = {877},
	number = {1},
	eid = {53},
	pages = {53},
	doi = {10.3847/1538-4357/ab191b},
	archivePrefix = {arXiv},
	eprint = {1809.10772},
	primaryClass = {astro-ph.HE},
	adsurl = {https://ui.adsabs.harvard.edu/abs/2019ApJ...877...53H},
	adsnote = {Provided by the SAO/NASA Astrophysics Data System}
}



@ARTICLE{petropoulou2018,
	author = {{Petropoulou}, Maria and {Sironi}, Lorenzo},
	title = "{The steady growth of the high-energy spectral cut-off in relativistic magnetic reconnection}",
	journal = {\mnras},
	keywords = {magnetic reconnection, radiation mechanisms: non-thermal, gamma-ray burst: general, pulsars: general, galaxies: jets, Astrophysics - High Energy Astrophysical Phenomena},
	year = "2018",
	month = "Dec",
	volume = {481},
	number = {4},
	pages = {5687-5701},
	doi = {10.1093/mnras/sty2702},
	archivePrefix = {arXiv},
	eprint = {1808.00966},
	primaryClass = {astro-ph.HE},
	adsurl = {https://ui.adsabs.harvard.edu/abs/2018MNRAS.481.5687P},
	adsnote = {Provided by the SAO/NASA Astrophysics Data System}
}

@ARTICLE{lyubarsky2008,
	author = {{Lyubarsky}, Yuri and {Liverts}, Michael},
	title = "{Particle Acceleration in the Driven Relativistic Reconnection}",
	journal = {\apj},
	keywords = {acceleration of particles, magnetic fields, plasmas, Astrophysics},
	year = "2008",
	month = "Aug",
	volume = {682},
	number = {2},
	pages = {1436-1442},
	doi = {10.1086/589640},
	archivePrefix = {arXiv},
	eprint = {0805.0085},
	primaryClass = {astro-ph},
	adsurl = {https://ui.adsabs.harvard.edu/abs/2008ApJ...682.1436L},
	adsnote = {Provided by the SAO/NASA Astrophysics Data System}
}

@ARTICLE{uzdensky2016,
	author = {{Uzdensky}, D.~A. and {Loureiro}, N.~F.},
	title = "{Magnetic Reconnection Onset via Disruption of a Forming Current Sheet by the Tearing Instability}",
	journal = {\prl},
	keywords = {Astrophysics - Solar and Stellar Astrophysics, Astrophysics - High Energy Astrophysical Phenomena, Physics - Plasma Physics, Physics - Space Physics},
	year = "2016",
	month = "Mar",
	volume = {116},
	number = {10},
	eid = {105003},
	pages = {105003},
	doi = {10.1103/PhysRevLett.116.105003},
	archivePrefix = {arXiv},
	eprint = {1411.4295},
	primaryClass = {astro-ph.SR},
	adsurl = {https://ui.adsabs.harvard.edu/abs/2016PhRvL.116j5003U},
	adsnote = {Provided by the SAO/NASA Astrophysics Data System}
}

@ARTICLE{younsi2015,
       author = {{Younsi}, Ziri and {Wu}, Kinwah},
        title = "{Variations in emission from episodic plasmoid ejecta around black holes}",
      journal = {\mnras},
     keywords = {black hole physics, gravitational lensing: strong, radiative transfer, relativistic processes, Sun: coronal mass ejections (CMEs), Galaxy: centre, Astrophysics - High Energy Astrophysical Phenomena},
         year = "2015",
        month = "Dec",
       volume = {454},
       number = {3},
        pages = {3283-3298},
          doi = {10.1093/mnras/stv2203},
archivePrefix = {arXiv},
       eprint = {1510.01700},
 primaryClass = {astro-ph.HE},
       adsurl = {https://ui.adsabs.harvard.edu/abs/2015MNRAS.454.3283Y},
      adsnote = {Provided by the SAO/NASA Astrophysics Data System}
}

@ARTICLE{haggard2019,
       author = {{Haggard}, Daryl and {Nynka}, Melania and {Mon}, Brayden and
         {de la Cruz Hernandez}, Noelia and {Nowak}, Michael and
         {Heinke}, Craig and {Neilsen}, Joseph and {Dexter}, Jason and
         {Fragile}, P. Chris and {Baganoff}, Fred and {Bower}, Geoffrey C. and
         {Corrales}, Lia R. and {Coti Zelati}, Francesco and
         {Degenaar}, Nathalie and {Markoff}, Sera and {Morris}, Mark R. and
         {Ponti}, Gabriele and {Rea}, Nanda and {Wilms}, Joern and
         {Yusef-Zadeh}, Farhad},
        title = "{Chandra Spectral and Timing Analysis of Sgr A*'s Brightest X-ray Flares}",
      journal = {arXiv e-prints},
     keywords = {Astrophysics - High Energy Astrophysical Phenomena, Astrophysics - Astrophysics of Galaxies},
         year = "2019",
        month = "Aug",
          eid = {arXiv:1908.01781},
        pages = {arXiv:1908.01781},
archivePrefix = {arXiv},
       eprint = {1908.01781},
 primaryClass = {astro-ph.HE},
       adsurl = {https://ui.adsabs.harvard.edu/abs/2019arXiv190801781H},
      adsnote = {Provided by the SAO/NASA Astrophysics Data System}
}

@ARTICLE{fazio2018,
       author = {{Fazio}, G.~G. and {Hora}, J.~L. and {Witzel}, G. and {Willner}, S.~P. and
         {Ashby}, M.~L.~N. and {Baganoff}, F. and {Becklin}, E. and {Carey}, S. and
         {Haggard}, D. and {Gammie}, C. and {Ghez}, A. and {Gurwell}, M.~A. and
         {Ingalls}, J. and {Marrone}, D. and {Morris}, M.~R. and {Smith}, H.~A.},
        title = "{Multiwavelength Light Curves of Two Remarkable Sagittarius A* Flares}",
      journal = {\apj},
     keywords = {accretion, accretion disks, black hole physics, Galaxy: center, infrared: general, submillimeter: general, X-rays: individual: Sgr Aa, Astrophysics - High Energy Astrophysical Phenomena},
         year = "2018",
        month = "Sep",
       volume = {864},
       number = {1},
          eid = {58},
        pages = {58},
          doi = {10.3847/1538-4357/aad4a2},
archivePrefix = {arXiv},
       eprint = {1807.07599},
 primaryClass = {astro-ph.HE},
       adsurl = {https://ui.adsabs.harvard.edu/abs/2018ApJ...864...58F},
      adsnote = {Provided by the SAO/NASA Astrophysics Data System}
}

@ARTICLE{karssen2017,
       author = {{Karssen}, G.~D. and {Bursa}, M. and {Eckart}, A. and {Valencia-S}, M. and
         {Dov{\v{c}}iak}, M. and {Karas}, V. and {Hor{\'a}k}, J.},
        title = "{Bright X-ray flares from Sgr A*}",
      journal = {\mnras},
     keywords = {accretion, accretion discs, black hole physics, Galaxy: centre, Galaxy: nucleus, infrared: general, accretion discs - black hole physics, Galaxy: centre - Galaxy: nucleus, Astrophysics - Astrophysics of Galaxies},
         year = "2017",
        month = "Dec",
       volume = {472},
       number = {4},
        pages = {4422-4433},
          doi = {10.1093/mnras/stx2312},
archivePrefix = {arXiv},
       eprint = {1709.09896},
 primaryClass = {astro-ph.GA},
       adsurl = {https://ui.adsabs.harvard.edu/abs/2017MNRAS.472.4422K},
      adsnote = {Provided by the SAO/NASA Astrophysics Data System}
}

@ARTICLE{gravity2018,
       author = {{Gravity Collaboration} and {Abuter}, R. and {Amorim}, A. and
         {Baub{\"o}ck}, M. and {Berger}, J.~P. and {Bonnet}, H. and {Brand
        ner}, W. and {Cl{\'e}net}, Y. and {Coud{\'e} Du Foresto}, V. and
         {de Zeeuw}, P.~T. and {Deen}, C. and {Dexter}, J. and {Duvert}, G. and
         {Eckart}, A. and {Eisenhauer}, F. and {F{\"o}rster Schreiber}, N.~M. and
         {Garcia}, P. and {Gao}, F. and {Gendron}, E. and {Genzel}, R. and
         {Gillessen}, S. and {Guajardo}, P. and {Habibi}, M. and {Haubois}, X. and
         {Henning}, Th. and {Hippler}, S. and {Horrobin}, M. and {Huber}, A. and
         {Jim{\'e}nez-Rosales}, A. and {Jocou}, L. and {Kervella}, P. and
         {Lacour}, S. and {Lapeyr{\`e}re}, V. and {Lazareff}, B. and
         {Le Bouquin}, J. -B. and {L{\'e}na}, P. and {Lippa}, M. and {Ott}, T. and
         {Panduro}, J. and {Paumard}, T. and {Perraut}, K. and {Perrin}, G. and
         {Pfuhl}, O. and {Plewa}, P.~M. and {Rabien}, S. and
         {Rodr{\'\i}guez-Coira}, G. and {Rousset}, G. and {Sternberg}, A. and
         {Straub}, O. and {Straubmeier}, C. and {Sturm}, E. and
         {Tacconi}, L.~J. and {Vincent}, F. and {von Fellenberg}, S. and
         {Waisberg}, I. and {Widmann}, F. and {Wieprecht}, E. and
         {Wiezorrek}, E. and {Woillez}, J. and {Yazici}, S.},
        title = "{Detection of orbital motions near the last stable circular orbit of the massive black hole SgrA*}",
      journal = {\aap},
     keywords = {Galaxy: center, black hole physics, gravitation, relativistic processes, Astrophysics - Astrophysics of Galaxies},
         year = "2018",
        month = "Oct",
       volume = {618},
          eid = {L10},
        pages = {L10},
          doi = {10.1051/0004-6361/201834294},
archivePrefix = {arXiv},
       eprint = {1810.12641},
 primaryClass = {astro-ph.GA},
       adsurl = {https://ui.adsabs.harvard.edu/abs/2018A&A...618L..10G},
      adsnote = {Provided by the SAO/NASA Astrophysics Data System}
}

@ARTICLE{EHT2019a,
       author = {{Event Horizon Telescope Collaboration} and {Akiyama}, Kazunori and
         {Alberdi}, Antxon and {Alef}, Walter and {Asada}, Keiichi and
         {Azulay}, Rebecca and {Baczko}, Anne-Kathrin and {Ball}, David and
         {Balokovi{\'c}}, Mislav and {Barrett}, John and {Bintley}, Dan and
         {Blackburn}, Lindy and {Boland}, Wilfred and {Bouman}, Katherine L. and
         {Bower}, Geoffrey C. and {Bremer}, Michael and
         {Brinkerink}, Christiaan D. and {Brissenden}, Roger and
         {Britzen}, Silke and {Broderick}, Avery E. and {Broguiere}, Dominique and
         {Bronzwaer}, Thomas and {Byun}, Do-Young and {Carlstrom}, John E. and
         {Chael}, Andrew and {Chan}, Chi-kwan and {Chatterjee}, Shami and
         {Chatterjee}, Koushik and {Chen}, Ming-Tang and {Chen}, Yongjun and
         {Cho}, Ilje and {Christian}, Pierre and {Conway}, John E. and
         {Cordes}, James M. and {Crew}, Geoffrey B. and {Cui}, Yuzhu and
         {Davelaar}, Jordy and {De Laurentis}, Mariafelicia and {Deane}, Roger and
         {Dempsey}, Jessica and {Desvignes}, Gregory and {Dexter}, Jason and
         {Doeleman}, Sheperd S. and {Eatough}, Ralph P. and {Falcke}, Heino and
         {Fish}, Vincent L. and {Fomalont}, Ed and {Fraga-Encinas}, Raquel and
         {Freeman}, William T. and {Friberg}, Per and {Fromm}, Christian M. and
         {G{\'o}mez}, Jos{\'e} L. and {Galison}, Peter and {Gammie}, Charles F. and
         {Garc{\'\i}a}, Roberto and {Gentaz}, Olivier and {Georgiev}, Boris and
         {Goddi}, Ciriaco and {Gold}, Roman and {Gu}, Minfeng and
         {Gurwell}, Mark and {Hada}, Kazuhiro and {Hecht}, Michael H. and
         {Hesper}, Ronald and {Ho}, Luis C. and {Ho}, Paul and {Honma}, Mareki and
         {Huang}, Chih-Wei L. and {Huang}, Lei and {Hughes}, David H. and
         {Ikeda}, Shiro and {Inoue}, Makoto and {Issaoun}, Sara and
         {James}, David J. and {Jannuzi}, Buell T. and {Janssen}, Michael and
         {Jeter}, Britton and {Jiang}, Wu and {Johnson}, Michael D. and
         {Jorstad}, Svetlana and {Jung}, Taehyun and {Karami}, Mansour and
         {Karuppusamy}, Ramesh and {Kawashima}, Tomohisa and
         {Keating}, Garrett K. and {Kettenis}, Mark and {Kim}, Jae-Young and
         {Kim}, Junhan and {Kim}, Jongsoo and {Kino}, Motoki and {Koay}, Jun Yi and
         {Koch}, Patrick M. and {Koyama}, Shoko and {Kramer}, Michael and
         {Kramer}, Carsten and {Krichbaum}, Thomas P. and {Kuo}, Cheng-Yu and
         {Lauer}, Tod R. and {Lee}, Sang-Sung and {Li}, Yan-Rong and
         {Li}, Zhiyuan and {Lindqvist}, Michael and {Liu}, Kuo and
         {Liuzzo}, Elisabetta and {Lo}, Wen-Ping and {Lobanov}, Andrei P. and
         {Loinard}, Laurent and {Lonsdale}, Colin and {Lu}, Ru-Sen and
         {MacDonald}, Nicholas R. and {Mao}, Jirong and {Markoff}, Sera and
         {Marrone}, Daniel P. and {Marscher}, Alan P. and
         {Mart{\'\i}-Vidal}, Iv{\'a}n and {Matsushita}, Satoki and
         {Matthews}, Lynn D. and {Medeiros}, Lia and {Menten}, Karl M. and
         {Mizuno}, Yosuke and {Mizuno}, Izumi and {Moran}, James M. and
         {Moriyama}, Kotaro and {Moscibrodzka}, Monika and
         {M{\"u}ller}, Cornelia and {Nagai}, Hiroshi and {Nagar}, Neil M. and
         {Nakamura}, Masanori and {Narayan}, Ramesh and {Narayanan}, Gopal and
         {Natarajan}, Iniyan and {Neri}, Roberto and {Ni}, Chunchong and
         {Noutsos}, Aristeidis and {Okino}, Hiroki and {Olivares}, H{\'e}ctor and
         {Ortiz-Le{\'o}n}, Gisela N. and {Oyama}, Tomoaki and
         {{\"O}zel}, Feryal and {Palumbo}, Daniel C.~M. and {Patel}, Nimesh and
         {Pen}, Ue-Li and {Pesce}, Dominic W. and {Pi{\'e}tu}, Vincent and
         {Plambeck}, Richard and {PopStefanija}, Aleksandar and {Porth}, Oliver and
         {Prather}, Ben and {Preciado-L{\'o}pez}, Jorge A. and
         {Psaltis}, Dimitrios and {Pu}, Hung-Yi and {Ramakrishnan}, Venkatessh and
         {Rao}, Ramprasad and {Rawlings}, Mark G. and {Raymond}, Alexander W. and
         {Rezzolla}, Luciano and {Ripperda}, Bart and {Roelofs}, Freek and
         {Rogers}, Alan and {Ros}, Eduardo and {Rose}, Mel and
         {Roshanineshat}, Arash and {Rottmann}, Helge and {Roy}, Alan L. and
         {Ruszczyk}, Chet and {Ryan}, Benjamin R. and {Rygl}, Kazi L.~J. and
         {S{\'a}nchez}, Salvador and {S{\'a}nchez-Arguelles}, David and
         {Sasada}, Mahito and {Savolainen}, Tuomas and {Schloerb}, F. Peter and
         {Schuster}, Karl-Friedrich and {Shao}, Lijing and {Shen}, Zhiqiang and
         {Small}, Des and {Sohn}, Bong Won and {SooHoo}, Jason and
         {Tazaki}, Fumie and {Tiede}, Paul and {Tilanus}, Remo P.~J. and
         {Titus}, Michael and {Toma}, Kenji and {Torne}, Pablo and
         {Trent}, Tyler and {Trippe}, Sascha and {Tsuda}, Shuichiro and
         {van Bemmel}, Ilse and {van Langevelde}, Huib Jan and
         {van Rossum}, Daniel R. and {Wagner}, Jan and {Wardle}, John and
         {Weintroub}, Jonathan and {Wex}, Norbert and {Wharton}, Robert and
         {Wielgus}, Maciek and {Wong}, George N. and {Wu}, Qingwen and
         {Young}, Ken and {Young}, Andr{\'e} and {Younsi}, Ziri and
         {Yuan}, Feng and {Yuan}, Ye-Fei and {Zensus}, J. Anton and
         {Zhao}, Guangyao and {Zhao}, Shan-Shan and {Zhu}, Ziyan and
         {Algaba}, Juan-Carlos and {Allardi}, Alexander and {Amestica}, Rodrigo and
         {Anczarski}, Jadyn and {Bach}, Uwe and {Baganoff}, Frederick K. and
         {Beaudoin}, Christopher and {Benson}, Bradford A. and {Berthold}, Ryan and
         {Blanchard}, Jay M. and {Blundell}, Ray and {Bustamente}, Sandra and
         {Cappallo}, Roger and {Castillo-Dom{\'\i}nguez}, Edgar and
         {Chang}, Chih-Cheng and {Chang}, Shu-Hao and {Chang}, Song-Chu and
         {Chen}, Chung-Chen and {Chilson}, Ryan and {Chuter}, Tim C. and
         {C{\'o}rdova Rosado}, Rodrigo and {Coulson}, Iain M. and
         {Crawford}, Thomas M. and {Crowley}, Joseph and {David}, John and
         {Derome}, Mark and {Dexter}, Matthew and {Dornbusch}, Sven and
         {Dudevoir}, Kevin A. and {Dzib}, Sergio A. and {Eckart}, Andreas and
         {Eckert}, Chris and {Erickson}, Neal R. and {Everett}, Wendeline B. and
         {Faber}, Aaron and {Farah}, Joseph R. and {Fath}, Vernon and
         {Folkers}, Thomas W. and {Forbes}, David C. and {Freund}, Robert and
         {G{\'o}mez-Ruiz}, Arturo I. and {Gale}, David M. and {Gao}, Feng and
         {Geertsema}, Gertie and {Graham}, David A. and {Greer}, Christopher H. and
         {Grosslein}, Ronald and {Gueth}, Fr{\'e}d{\'e}ric and {Haggard}, Daryl and
         {Halverson}, Nils W. and {Han}, Chih-Chiang and {Han}, Kuo-Chang and
         {Hao}, Jinchi and {Hasegawa}, Yutaka and {Henning}, Jason W. and
         {Hern{\'a}ndez-G{\'o}mez}, Antonio and {Herrero-Illana}, Rub{\'e}n and
         {Heyminck}, Stefan and {Hirota}, Akihiko and {Hoge}, James and
         {Huang}, Yau-De and {Impellizzeri}, C.~M. Violette and {Jiang}, Homin and
         {Kamble}, Atish and {Keisler}, Ryan and {Kimura}, Kimihiro and
         {Kono}, Yusuke and {Kubo}, Derek and {Kuroda}, John and
         {Lacasse}, Richard and {Laing}, Robert A. and {Leitch}, Erik M. and
         {Li}, Chao-Te and {Lin}, Lupin C. -C. and {Liu}, Ching-Tang and
         {Liu}, Kuan-Yu and {Lu}, Li-Ming and {Marson}, Ralph G. and
         {Martin-Cocher}, Pierre L. and {Massingill}, Kyle D. and
         {Matulonis}, Callie and {McColl}, Martin P. and
         {McWhirter}, Stephen R. and {Messias}, Hugo and {Meyer-Zhao}, Zheng and
         {Michalik}, Daniel and {Monta{\~n}a}, Alfredo and
         {Montgomerie}, William and {Mora-Klein}, Matias and {Muders}, Dirk and
         {Nadolski}, Andrew and {Navarro}, Santiago and {Neilsen}, Joseph and
         {Nguyen}, Chi H. and {Nishioka}, Hiroaki and {Norton}, Timothy and
         {Nowak}, Michael A. and {Nystrom}, George and {Ogawa}, Hideo and
         {Oshiro}, Peter and {Oyama}, Tomoaki and {Parsons}, Harriet and
         {Paine}, Scott N. and {Pe{\~n}alver}, Juan and {Phillips}, Neil M. and
         {Poirier}, Michael and {Pradel}, Nicolas and {Primiani}, Rurik A. and
         {Raffin}, Philippe A. and {Rahlin}, Alexandra S. and {Reiland}, George and
         {Risacher}, Christopher and {Ruiz}, Ignacio and
         {S{\'a}ez-Mada{\'\i}n}, Alejandro F. and {Sassella}, Remi and
         {Schellart}, Pim and {Shaw}, Paul and {Silva}, Kevin M. and
         {Shiokawa}, Hotaka and {Smith}, David R. and {Snow}, William and
         {Souccar}, Kamal and {Sousa}, Don and {Sridharan}, T.~K. and
         {Srinivasan}, Ranjani and {Stahm}, William and {Stark}, Anthony A. and
         {Story}, Kyle and {Timmer}, Sjoerd T. and {Vertatschitsch}, Laura and
         {Walther}, Craig and {Wei}, Ta-Shun and {Whitehorn}, Nathan and
         {Whitney}, Alan R. and {Woody}, David P. and {Wouterloot}, Jan G.~A. and
         {Wright}, Melvin and {Yamaguchi}, Paul and {Yu}, Chen-Yu and
         {Zeballos}, Milagros and {Zhang}, Shuo and {Ziurys}, Lucy},
        title = "{First M87 Event Horizon Telescope Results. I. The Shadow of the Supermassive Black Hole}",
      journal = {\apjl},
     keywords = {accretion, accretion disks, black hole physics, galaxies: active, galaxies: individual: M87, galaxies: jets, gravitation, Astrophysics - Astrophysics of Galaxies, Astrophysics - High Energy Astrophysical Phenomena, General Relativity and Quantum Cosmology},
         year = "2019",
        month = "Apr",
       volume = {875},
       number = {1},
          eid = {L1},
        pages = {L1},
          doi = {10.3847/2041-8213/ab0ec7},
archivePrefix = {arXiv},
       eprint = {1906.11238},
 primaryClass = {astro-ph.GA},
       adsurl = {https://ui.adsabs.harvard.edu/abs/2019ApJ...875L...1E},
      adsnote = {Provided by the SAO/NASA Astrophysics Data System}
}
@ARTICLE{broderick2005,
       author = {{Broderick}, Avery E. and {Loeb}, Abraham},
        title = "{Imaging bright-spots in the accretion flow near the black hole horizon of Sgr A*}",
      journal = {\mnras},
     keywords = {black hole physics, relativity, techniques: interferometric, Galaxy: centre, submillimetre, Astrophysics},
         year = "2005",
        month = "Oct",
       volume = {363},
       number = {2},
        pages = {353-362},
          doi = {10.1111/j.1365-2966.2005.09458.x},
archivePrefix = {arXiv},
       eprint = {astro-ph/0506433},
 primaryClass = {astro-ph},
       adsurl = {https://ui.adsabs.harvard.edu/abs/2005MNRAS.363..353B},
      adsnote = {Provided by the SAO/NASA Astrophysics Data System}
}

@article{do2019,
   title={Unprecedented Near-infrared Brightness and Variability of Sgr A*},
   volume={882},
   ISSN={2041-8213},
   url={http://dx.doi.org/10.3847/2041-8213/ab38c3},
   DOI={10.3847/2041-8213/ab38c3},
   number={2},
   journal={The Astrophysical Journal},
   publisher={American Astronomical Society},
   author={Do, Tuan and Witzel, Gunther and Gautam, Abhimat K. and Chen, Zhuo and Ghez, Andrea M. and Morris, Mark R. and Becklin, Eric E. and Ciurlo, Anna and Hosek, Matthew and Martinez, Gregory D. and et al.},
   year={2019},
   month={Sep},
   pages={L27}
}

@ARTICLE{ghez2005,
       author = {{Ghez}, A.~M. and {Hornstein}, S.~D. and {Lu}, J.~R. and {Bouchez}, A. and
         {Le Mignant}, D. and {van Dam}, M.~A. and {Wizinowich}, P. and
         {Matthews}, K. and {Morris}, M. and {Becklin}, E.~E. and
         {Campbell}, R.~D. and {Chin}, J.~C.~Y. and {Hartman}, S.~K. and
         {Johansson}, E.~M. and {Lafon}, R.~E. and {Stomski}, P.~J. and
         {Summers}, D.~M.},
        title = "{The First Laser Guide Star Adaptive Optics Observations of the Galactic Center: Sgr A*'s Infrared Color and the Extended Red Emission in its Vicinity}",
      journal = {\apj},
     keywords = {Black Hole Physics, Galaxy: Center, Infrared: Stars, Techniques: High Anular Resolution, Astrophysics},
         year = "2005",
        month = "Dec",
       volume = {635},
       number = {2},
        pages = {1087-1094},
          doi = {10.1086/497576},
archivePrefix = {arXiv},
       eprint = {astro-ph/0508664},
 primaryClass = {astro-ph},
       adsurl = {https://ui.adsabs.harvard.edu/abs/2005ApJ...635.1087G},
      adsnote = {Provided by the SAO/NASA Astrophysics Data System}
}

@article{nishiyama2009,
   title={NEAR-INFRARED POLARIMETRY OF FLARES FROM Sgr A* WITH SUBARU/CIAO},
   volume={702},
   ISSN={1538-4357},
   url={http://dx.doi.org/10.1088/0004-637X/702/1/L56},
   DOI={10.1088/0004-637x/702/1/l56},
   number={1},
   journal={The Astrophysical Journal},
   publisher={IOP Publishing},
   author={Nishiyama, Shogo and Tamura, Motohide and Hatano, Hirofumi and Nagata, Tetsuya and Kudo, Tomoyuki and Ishii, Miki and Schödel, Rainer and Eckart, Andreas},
   year={2009},
   month={Aug},
   pages={L56–L60}
}

@ARTICLE{dodds-eden2009,
       author = {{Dodds-Eden}, K. and {Porquet}, D. and {Trap}, G. and {Quataert}, E. and
         {Haubois}, X. and {Gillessen}, S. and {Grosso}, N. and {Pantin}, E. and
         {Falcke}, H. and {Rouan}, D. and {Genzel}, R. and {Hasinger}, G. and
         {Goldwurm}, A. and {Yusef-Zadeh}, F. and {Clenet}, Y. and {Trippe}, S. and
         {Lagage}, P. -O. and {Bartko}, H. and {Eisenhauer}, F. and {Ott}, T. and
         {Paumard}, T. and {Perrin}, G. and {Yuan}, F. and {Fritz}, T.~K. and
         {Mascetti}, L.},
        title = "{Evidence for X-Ray Synchrotron Emission from Simultaneous Mid-Infrared to X-Ray Observations of a Strong Sgr A* Flare}",
      journal = {\apj},
     keywords = {accretion, accretion disks, black hole physics, Galaxy: center, infrared: general, radiation mechanisms: general, X-rays: general, Astrophysics - Galaxy Astrophysics, Astrophysics - High Energy Astrophysical Phenomena},
         year = "2009",
        month = "Jun",
       volume = {698},
       number = {1},
        pages = {676-692},
          doi = {10.1088/0004-637X/698/1/676},
archivePrefix = {arXiv},
       eprint = {0903.3416},
 primaryClass = {astro-ph.GA},
       adsurl = {https://ui.adsabs.harvard.edu/abs/2009ApJ...698..676D},
      adsnote = {Provided by the SAO/NASA Astrophysics Data System}
}

@article {eht1,
	title = {First M87 Event Horizon Telescope Results. I. The Shadow of the Supermassive Black Hole},
	journal = {ApJL},
	volume = {875},
	year = {2019},
	pages = {1},
	url = {https://iopscience.iop.org/article/10.3847/2041-8213/ab0ec7},
	author = {The EHT Collaboration et al.}
}

@ARTICLE{baubock2020,
       author = {{The GRAVITY Collaboration} and {Baub{\"o}ck}, M. and {Dexter}, J. and
         {Abuter}, R. and {Amorim}, A. and {Berger}, J.~P. and {Bonnet}, H. and
         {Brandner}, W. and {Cl{\'e}net}, Y. and {Coud{\'e} du Foresto}, V. and
         {de Zeeuw}, P.~T. and {Duvert}, G. and {Eckart}, A. and
         {Eisenhauer}, F. and {F{\"o}rster Schreiber}, N.~M. and {Gao}, F. and
         {Garcia}, P. and {Gendron}, E. and {Genzel}, R. and {Gerhard}, O. and
         {Gillessen}, S. and {Habibi}, M. and {Haubois}, X. and {Henning}, T. and
         {Hippler}, S. and {Horrobin}, M. and {Jim{\'e}nez-Rosales}, A. and
         {Jocou}, L. and {Kervella}, P. and {Lacour}, S. and
         {Lapeyr{\`e}re}, V. and {Le Bouquin}, J. -B. and {L{\'e}na}, P. and
         {Ott}, T. and {Paumard}, T. and {Perraut}, K. and {Perrin}, G. and
         {Pfuhl}, O. and {Rabien}, S. and {Rodriguez Coira}, G. and
         {Rousset}, G. and {Scheithauer}, S. and {Stadler}, J. and
         {Sternberg}, A. and {Straub}, O. and {Straubmeier}, C. and {Sturm}, E. and
         {Tacconi}, L.~J. and {Vincent}, F. and {von Fellenberg}, S. and
         {Waisberg}, I. and {Widmann}, F. and {Wieprecht}, E. and
         {Wiezorrek}, E. and {Woillez}, J. and {Yazici}, S.},
        title = "{Modeling the orbital motion of Sgr A*'s near-infrared flares}",
      journal = {arXiv e-prints},
     keywords = {Astrophysics - High Energy Astrophysical Phenomena},
         year = 2020,
        month = feb,
          eid = {arXiv:2002.08374},
        pages = {arXiv:2002.08374},
archivePrefix = {arXiv},
       eprint = {2002.08374},
 primaryClass = {astro-ph.HE},
       adsurl = {https://ui.adsabs.harvard.edu/abs/2020arXiv200208374T},
      adsnote = {Provided by the SAO/NASA Astrophysics Data System}
}

@ARTICLE{abuter2019,
       author = {{Gravity Collaboration} and {Abuter}, R. and {Amorim}, A. and
         {Baub{\"o}ck}, M. and {Berger}, J.~P. and {Bonnet}, H. and {Brand
        ner}, W. and {Cl{\'e}net}, Y. and {Coud{\'e} Du Foresto}, V. and
         {de Zeeuw}, P.~T. and {Dexter}, J. and {Duvert}, G. and {Eckart}, A. and
         {Eisenhauer}, F. and {F{\"o}rster Schreiber}, N.~M. and {Garcia}, P. and
         {Gao}, F. and {Gendron}, E. and {Genzel}, R. and {Gerhard}, O. and
         {Gillessen}, S. and {Habibi}, M. and {Haubois}, X. and {Henning}, T. and
         {Hippler}, S. and {Horrobin}, M. and {Jim{\'e}nez-Rosales}, A. and
         {Jocou}, L. and {Kervella}, P. and {Lacour}, S. and
         {Lapeyr{\`e}re}, V. and {Le Bouquin}, J. -B. and {L{\'e}na}, P. and
         {Ott}, T. and {Paumard}, T. and {Perraut}, K. and {Perrin}, G. and
         {Pfuhl}, O. and {Rabien}, S. and {Rodriguez Coira}, G. and
         {Rousset}, G. and {Scheithauer}, S. and {Sternberg}, A. and
         {Straub}, O. and {Straubmeier}, C. and {Sturm}, E. and
         {Tacconi}, L.~J. and {Vincent}, F. and {von Fellenberg}, S. and
         {Waisberg}, I. and {Widmann}, F. and {Wieprecht}, E. and
         {Wiezorrek}, E. and {Woillez}, J. and {Yazici}, S.},
        title = "{A geometric distance measurement to the Galactic center black hole with 0.3\% uncertainty}",
      journal = {\aap},
     keywords = {black hole physics, astrometry, Galaxy: nucleus, Astrophysics - Astrophysics of Galaxies},
         year = 2019,
        month = may,
       volume = {625},
          eid = {L10},
        pages = {L10},
          doi = {10.1051/0004-6361/201935656},
archivePrefix = {arXiv},
       eprint = {1904.05721},
 primaryClass = {astro-ph.GA},
       adsurl = {https://ui.adsabs.harvard.edu/abs/2019A&A...625L..10G},
      adsnote = {Provided by the SAO/NASA Astrophysics Data System}
}

@ARTICLE{schwarzschild1916,
	author = {{Schwarzschild}, K.},
	title = "{On the Gravitational Field of a Mass Point According to Einstein's Theory}",
	journal = {Abh. Konigl. Preuss. Akad. Wissenschaften Jahre 1906,92, Berlin,1907},
	year = 1916,
	month = jan,
	volume = {1916},
	pages = {189-196},
	adsurl = {https://ui.adsabs.harvard.edu/abs/1916AbhKP1916..189S},
	adsnote = {Provided by the SAO/NASA Astrophysics Data System}
}

@ARTICLE{smallbh,
	author = {{Shaposhnikov}, Nickolai and {Titarchuk}, Lev},
	title = "{Determination of Black Hole Masses in Galactic Black Hole Binaries Using Scaling of Spectral and Variability Characteristics}",
	journal = {\apj},
	keywords = {accretion, accretion disks, black hole physics, radiation mechanisms: non-thermal, stars: individual: XTE J1550 ─ 564 H 1743 ─ 322 GX 339 ─ 4 4U 1630 ─ 47 GRS 1915+105 XTE 1650 ─ 500 XTE 1859+226 4U 1543 ─ 47, Astrophysics - High Energy Astrophysical Phenomena},
	year = 2009,
	month = jul,
	volume = {699},
	number = {1},
	pages = {453-468},
	doi = {10.1088/0004-637X/699/1/453},
	archivePrefix = {arXiv},
	eprint = {0902.2852},
	primaryClass = {astro-ph.HE},
	adsurl = {https://ui.adsabs.harvard.edu/abs/2009ApJ...699..453S},
	adsnote = {Provided by the SAO/NASA Astrophysics Data System}
}

@ARTICLE{eht6,
	author = {{Event Horizon Telescope Collaboration} and {Akiyama}, Kazunori and
	{Alberdi}, Antxon and {Alef}, Walter and {Asada}, Keiichi and
	{Azulay}, Rebecca and {Baczko}, Anne-Kathrin and {Ball}, David and
	{Balokovi{\'c}}, Mislav and {Barrett}, John and {Bintley}, Dan and
	{Blackburn}, Lindy and {Boland}, Wilfred and {Bouman}, Katherine L. and
	{Bower}, Geoffrey C. and {Bremer}, Michael and
	{Brinkerink}, Christiaan D. and {Brissenden}, Roger and
	{Britzen}, Silke and {Broderick}, Avery E. and {Broguiere}, Dominique and
	{Bronzwaer}, Thomas and {Byun}, Do-Young and {Carlstrom}, John E. and
	{Chael}, Andrew and {Chan}, Chi-kwan and {Chatterjee}, Shami and
	{Chatterjee}, Koushik and {Chen}, Ming-Tang and {Chen}, Yongjun and
	{Cho}, Ilje and {Christian}, Pierre and {Conway}, John E. and
	{Cordes}, James M. and {Crew}, Geoffrey B. and {Cui}, Yuzhu and
	{Davelaar}, Jordy and {De Laurentis}, Mariafelicia and {Deane}, Roger and
	{Dempsey}, Jessica and {Desvignes}, Gregory and {Dexter}, Jason and
	{Doeleman}, Sheperd S. and {Eatough}, Ralph P. and {Falcke}, Heino and
	{Fish}, Vincent L. and {Fomalont}, Ed and {Fraga-Encinas}, Raquel and
	{Friberg}, Per and {Fromm}, Christian M. and {G{\'o}mez}, Jos{\'e} L. and
	{Galison}, Peter and {Gammie}, Charles F. and {Garc{\'\i}a}, Roberto and
	{Gentaz}, Olivier and {Georgiev}, Boris and {Goddi}, Ciriaco and
	{Gold}, Roman and {Gu}, Minfeng and {Gurwell}, Mark and
	{Hada}, Kazuhiro and {Hecht}, Michael H. and {Hesper}, Ronald and
	{Ho}, Luis C. and {Ho}, Paul and {Honma}, Mareki and
	{Huang}, Chih-Wei L. and {Huang}, Lei and {Hughes}, David H. and
	{Ikeda}, Shiro and {Inoue}, Makoto and {Issaoun}, Sara and
	{James}, David J. and {Jannuzi}, Buell T. and {Janssen}, Michael and
	{Jeter}, Britton and {Jiang}, Wu and {Johnson}, Michael D. and
	{Jorstad}, Svetlana and {Jung}, Taehyun and {Karami}, Mansour and
	{Karuppusamy}, Ramesh and {Kawashima}, Tomohisa and
	{Keating}, Garrett K. and {Kettenis}, Mark and {Kim}, Jae-Young and
	{Kim}, Junhan and {Kim}, Jongsoo and {Kino}, Motoki and {Koay}, Jun Yi and
	{Koch}, Patrick M. and {Koyama}, Shoko and {Kramer}, Michael and
	{Kramer}, Carsten and {Krichbaum}, Thomas P. and {Kuo}, Cheng-Yu and
	{Lauer}, Tod R. and {Lee}, Sang-Sung and {Li}, Yan-Rong and
	{Li}, Zhiyuan and {Lindqvist}, Michael and {Liu}, Kuo and
	{Liuzzo}, Elisabetta and {Lo}, Wen-Ping and {Lobanov}, Andrei P. and
	{Loinard}, Laurent and {Lonsdale}, Colin and {Lu}, Ru-Sen and
	{MacDonald}, Nicholas R. and {Mao}, Jirong and {Markoff}, Sera and
	{Marrone}, Daniel P. and {Marscher}, Alan P. and
	{Mart{\'\i}-Vidal}, Iv{\'a}n and {Matsushita}, Satoki and
	{Matthews}, Lynn D. and {Medeiros}, Lia and {Menten}, Karl M. and
	{Mizuno}, Yosuke and {Mizuno}, Izumi and {Moran}, James M. and
	{Moriyama}, Kotaro and {Moscibrodzka}, Monika and
	{M{\"u}ller}, Cornelia and {Nagai}, Hiroshi and {Nagar}, Neil M. and
	{Nakamura}, Masanori and {Narayan}, Ramesh and {Narayanan}, Gopal and
	{Natarajan}, Iniyan and {Neri}, Roberto and {Ni}, Chunchong and
	{Noutsos}, Aristeidis and {Okino}, Hiroki and {Olivares}, H{\'e}ctor and
	{Oyama}, Tomoaki and {{\"O}zel}, Feryal and {Palumbo}, Daniel C.~M. and
	{Patel}, Nimesh and {Pen}, Ue-Li and {Pesce}, Dominic W. and
	{Pi{\'e}tu}, Vincent and {Plambeck}, Richard and {PopStefanija}, Aleksand
	ar and {Porth}, Oliver and {Prather}, Ben and
	{Preciado-L{\'o}pez}, Jorge A. and {Psaltis}, Dimitrios and
	{Pu}, Hung-Yi and {Ramakrishnan}, Venkatessh and {Rao}, Ramprasad and
	{Rawlings}, Mark G. and {Raymond}, Alexander W. and
	{Rezzolla}, Luciano and {Ripperda}, Bart and {Roelofs}, Freek and
	{Rogers}, Alan and {Ros}, Eduardo and {Rose}, Mel and
	{Roshanineshat}, Arash and {Rottmann}, Helge and {Roy}, Alan L. and
	{Ruszczyk}, Chet and {Ryan}, Benjamin R. and {Rygl}, Kazi L.~J. and
	{S{\'a}nchez}, Salvador and {S{\'a}nchez-Arguelles}, David and
	{Sasada}, Mahito and {Savolainen}, Tuomas and {Schloerb}, F. Peter and
	{Schuster}, Karl-Friedrich and {Shao}, Lijing and {Shen}, Zhiqiang and
	{Small}, Des and {Sohn}, Bong Won and {SooHoo}, Jason and
	{Tazaki}, Fumie and {Tiede}, Paul and {Tilanus}, Remo P.~J. and
	{Titus}, Michael and {Toma}, Kenji and {Torne}, Pablo and
	{Trent}, Tyler and {Trippe}, Sascha and {Tsuda}, Shuichiro and
	{van Bemmel}, Ilse and {van Langevelde}, Huib Jan and
	{van Rossum}, Daniel R. and {Wagner}, Jan and {Wardle}, John and
	{Weintroub}, Jonathan and {Wex}, Norbert and {Wharton}, Robert and
	{Wielgus}, Maciek and {Wong}, George N. and {Wu}, Qingwen and
	{Young}, Andr{\'e} and {Young}, Ken and {Younsi}, Ziri and
	{Yuan}, Feng and {Yuan}, Ye-Fei and {Zensus}, J. Anton and
	{Zhao}, Guangyao and {Zhao}, Shan-Shan and {Zhu}, Ziyan and
	{Farah}, Joseph R. and {Meyer-Zhao}, Zheng and {Michalik}, Daniel and
	{Nadolski}, Andrew and {Nishioka}, Hiroaki and {Pradel}, Nicolas and
	{Primiani}, Rurik A. and {Souccar}, Kamal and {Vertatschitsch}, Laura and
	{Yamaguchi}, Paul},
	title = "{First M87 Event Horizon Telescope Results. VI. The Shadow and Mass of the Central Black Hole}",
	journal = {\apjl},
	keywords = {black hole physics, galaxies: individual: M87, gravitation, techniques: high angular resolution, techniques: interferometric, Astrophysics - Astrophysics of Galaxies, Astrophysics - High Energy Astrophysical Phenomena, General Relativity and Quantum Cosmology},
	year = 2019,
	month = apr,
	volume = {875},
	number = {1},
	eid = {L6},
	pages = {L6},
	doi = {10.3847/2041-8213/ab1141},
	archivePrefix = {arXiv},
	eprint = {1906.11243},
	primaryClass = {astro-ph.GA},
	adsurl = {https://ui.adsabs.harvard.edu/abs/2019ApJ...875L...6E},
	adsnote = {Provided by the SAO/NASA Astrophysics Data System}
}

@ARTICLE{quataert1999b,
	author = {{Quataert}, Eliot and {Narayan}, Ramesh and {Reid}, Mark J.},
	title = "{What Is the Accretion Rate in Sagittarius A*?}",
	journal = {\apjl},
	keywords = {ACCRETION, ACCRETION DISKS, BLACK HOLE PHYSICS, GALAXY: CENTER, Accretion, Accretion Disks, Black Hole Physics, Galaxy: Center, Astrophysics},
	year = 1999,
	month = jun,
	volume = {517},
	number = {2},
	pages = {L101-L104},
	doi = {10.1086/312035},
	archivePrefix = {arXiv},
	eprint = {astro-ph/9903412},
	primaryClass = {astro-ph},
	adsurl = {https://ui.adsabs.harvard.edu/abs/1999ApJ...517L.101Q},
	adsnote = {Provided by the SAO/NASA Astrophysics Data System}
}

@ARTICLE{howes2010,
	author = {{Howes}, G.~G.},
	title = "{A prescription for the turbulent heating of astrophysical plasmas}",
	journal = {\mnras},
	keywords = {accretion, accretion discs, plasmas, turbulence, ISM: kinematics and dynamics, Galaxy: centred, Astrophysics - High Energy Astrophysical Phenomena, Physics - Plasma Physics},
	year = 2010,
	month = nov,
	volume = {409},
	number = {1},
	pages = {L104-L108},
	doi = {10.1111/j.1745-3933.2010.00958.x},
	archivePrefix = {arXiv},
	eprint = {1009.4212},
	primaryClass = {astro-ph.HE},
	adsurl = {https://ui.adsabs.harvard.edu/abs/2010MNRAS.409L.104H},
	adsnote = {Provided by the SAO/NASA Astrophysics Data System}
}




@article{parker1957,
	author = {Parker, E. N.},
	title = {Sweet's mechanism for merging magnetic fields in conducting fluids},
	journal = {Journal of Geophysical Research (1896-1977)},
	volume = {62},
	number = {4},
	pages = {509-520},
	doi = {10.1029/JZ062i004p00509},
	url = {https://agupubs.onlinelibrary.wiley.com/doi/abs/10.1029/JZ062i004p00509},
	eprint = {https://agupubs.onlinelibrary.wiley.com/doi/pdf/10.1029/JZ062i004p00509},
	abstract = {Sweet's mechanism for the merging of two oppositely directed magnetic fields in a highly conducting fluid is investigated in a semi-quantitative manner. It is shown that two oppositely directed sunspot fields with scales of 104 km could be merged by Sweet's mechanism, if shoved firmly together, in about two weeks; their normal interdiffusion time would be of the order of 600 years. It is suggested that Sweet's mechanism may be of considerable astrophysical importance: It gives a means of altering quickly the configuration of magnetic fields in ionized gases, allowing a stable field to go over into an unstable configuration, subsequently converting much of the magnetic energy into kinetic energy of the fluid.},
	year = {1957}
}
@INPROCEEDINGS{sweet1958,
	author = {{Sweet}, P.~A.},
	title = "{The Neutral Point Theory of Solar Flares}",
	booktitle = {Electromagnetic Phenomena in Cosmical Physics},
	year = 1958,
	editor = {{Lehnert}, B.},
	series = {IAU Symposium},
	volume = {6},
	month = jan,
	pages = {123},
	adsurl = {https://ui.adsabs.harvard.edu/abs/1958IAUS....6..123S},
	adsnote = {Provided by the SAO/NASA Astrophysics Data System}
}

@ARTICLE{sparks1996,
	author = {{Sparks}, W.~B. and {Biretta}, J.~A. and {Macchetto}, F.},
	title = "{The Jet of M87 at Tenth-Arcsecond Resolution: Optical, Ultraviolet, and Radio Observations}",
	journal = {\apj},
	keywords = {GALAXIES: INDIVIDUAL MESSIER NUMBER: M87, GALAXIES: JETS, RADIATION MECHANISMS: NONTHERMAL, RADIO CONTINUUM: GALAXIES, ULTRAVIOLET: GALAXIES},
	year = 1996,
	month = dec,
	volume = {473},
	pages = {254},
	doi = {10.1086/178141},
	adsurl = {https://ui.adsabs.harvard.edu/abs/1996ApJ...473..254S},
	adsnote = {Provided by the SAO/NASA Astrophysics Data System}
}

@ARTICLE{bower2015,
	author = {{Bower}, Geoffrey C. and {Markoff}, Sera and {Dexter}, Jason and
	{Gurwell}, Mark A. and {Moran}, James M. and {Brunthaler}, Andreas and
	{Falcke}, Heino and {Fragile}, P. Chris and {Maitra}, Dipankar and
	{Marrone}, Dan and {Peck}, Alison and {Rushton}, Anthony and
	{Wright}, Melvyn C.~H.},
	title = "{Radio and Millimeter Monitoring of Sgr A*: Spectrum, Variability, and Constraints on the G2 Encounter}",
	journal = {\apj},
	keywords = {accretion, accretion disks, black hole physics, galaxies: active, galaxies: jets, Galaxy: center, Astrophysics - High Energy Astrophysical Phenomena},
	year = 2015,
	month = mar,
	volume = {802},
	number = {1},
	eid = {69},
	pages = {69},
	doi = {10.1088/0004-637X/802/1/69},
	archivePrefix = {arXiv},
	eprint = {1502.06534},
	primaryClass = {astro-ph.HE},
	adsurl = {https://ui.adsabs.harvard.edu/abs/2015ApJ...802...69B},
	adsnote = {Provided by the SAO/NASA Astrophysics Data System}
}

@misc{gourdain2017,
	title={The impact of the Hall term on tokamak plasmas},
	author={P. -A. Gourdain},
	year={2017},
	eprint={1703.00987},
	archivePrefix={arXiv},
	primaryClass={physics.plasm-ph}
}

@ARTICLE{comisso2018,
	author = {{Comisso}, Luca and {Sironi}, Lorenzo},
	title = "{Particle Acceleration in Relativistic Plasma Turbulence}",
	journal = {\prl},
	keywords = {Astrophysics - High Energy Astrophysical Phenomena, Astrophysics - Solar and Stellar Astrophysics, Physics - Plasma Physics},
	year = 2018,
	month = dec,
	volume = {121},
	number = {25},
	eid = {255101},
	pages = {255101},
	doi = {10.1103/PhysRevLett.121.255101},
	archivePrefix = {arXiv},
	eprint = {1809.01168},
	primaryClass = {astro-ph.HE},
	adsurl = {https://ui.adsabs.harvard.edu/abs/2018PhRvL.121y5101C},
	adsnote = {Provided by the SAO/NASA Astrophysics Data System}
}

@ARTICLE{comisso2019,
	author = {{Comisso}, Luca and {Sironi}, Lorenzo},
	title = "{The Interplay of Magnetically Dominated Turbulence and Magnetic Reconnection in Producing Nonthermal Particles}",
	journal = {\apj},
	keywords = {High energy astrophysics, Plasma astrophysics, Particle astrophysics, Non-thermal radiation sources, Plasma physics, Astrophysics - High Energy Astrophysical Phenomena, Astrophysics - Solar and Stellar Astrophysics, Physics - Plasma Physics},
	year = 2019,
	month = dec,
	volume = {886},
	number = {2},
	eid = {122},
	pages = {122},
	doi = {10.3847/1538-4357/ab4c33},
	archivePrefix = {arXiv},
	eprint = {1909.01420},
	primaryClass = {astro-ph.HE},
	adsurl = {https://ui.adsabs.harvard.edu/abs/2019ApJ...886..122C},
	adsnote = {Provided by the SAO/NASA Astrophysics Data System}
}
@ARTICLE{kai2020,
	author = {{Wong}, Kai and {Zhdankin}, Vladimir and {Uzdensky}, Dmitri A. and
	{Werner}, Gregory R. and {Begelman}, Mitchell C.},
	title = "{First-principles Demonstration of Diffusive-advective Particle Acceleration in Kinetic Simulations of Relativistic Plasma Turbulence}",
	journal = {\apjl},
	keywords = {Astrophysics - High Energy Astrophysical Phenomena, Physics - Plasma Physics, Physics - Space Physics},
	year = 2020,
	month = apr,
	volume = {893},
	number = {1},
	eid = {L7},
	pages = {L7},
	doi = {10.3847/2041-8213/ab8122},
	archivePrefix = {arXiv},
	eprint = {1901.03439},
	primaryClass = {astro-ph.HE},
	adsurl = {https://ui.adsabs.harvard.edu/abs/2020ApJ...893L...7W},
	adsnote = {Provided by the SAO/NASA Astrophysics Data System}
}

@ARTICLE{zhdankin2019,
	author = {{Zhdankin}, Vladimir and {Uzdensky}, Dmitri A. and {Werner}, Gregory R. and
	{Begelman}, Mitchell C.},
	title = "{Electron and Ion Energization in Relativistic Plasma Turbulence}",
	journal = {\prl},
	keywords = {Astrophysics - High Energy Astrophysical Phenomena, Astrophysics - Solar and Stellar Astrophysics, Physics - Plasma Physics},
	year = 2019,
	month = feb,
	volume = {122},
	number = {5},
	eid = {055101},
	pages = {055101},
	doi = {10.1103/PhysRevLett.122.055101},
	archivePrefix = {arXiv},
	eprint = {1809.01966},
	primaryClass = {astro-ph.HE},
	adsurl = {https://ui.adsabs.harvard.edu/abs/2019PhRvL.122e5101Z},
	adsnote = {Provided by the SAO/NASA Astrophysics Data System}
}

@ARTICLE{sharma2006,
	author = {{Sharma}, Prateek and {Hammett}, Gregory W. and {Quataert}, Eliot and
	{Stone}, James M.},
	title = "{Shearing Box Simulations of the MRI in a Collisionless Plasma}",
	journal = {\apj},
	keywords = {Accretion, Accretion Disks, Methods: Numerical, Magnetohydrodynamics: MHD, Plasmas, Turbulence, Astrophysics, Physics - Plasma Physics, Physics - Space Physics},
	year = 2006,
	month = feb,
	volume = {637},
	number = {2},
	pages = {952-967},
	doi = {10.1086/498405},
	archivePrefix = {arXiv},
	eprint = {astro-ph/0508502},
	primaryClass = {astro-ph},
	adsurl = {https://ui.adsabs.harvard.edu/abs/2006ApJ...637..952S},
	adsnote = {Provided by the SAO/NASA Astrophysics Data System}
}

@ARTICLE{riquelme2012,
	author = {{Riquelme}, Mario A. and {Quataert}, Eliot and {Sharma}, Prateek and
	{Spitkovsky}, Anatoly},
	title = "{Local Two-dimensional Particle-in-cell Simulations of the Collisionless Magnetorotational Instability}",
	journal = {\apj},
	keywords = {accretion, accretion disks, dynamo, magnetic fields, plasmas, Astrophysics - High Energy Astrophysical Phenomena, Physics - Plasma Physics},
	year = 2012,
	month = aug,
	volume = {755},
	number = {1},
	eid = {50},
	pages = {50},
	doi = {10.1088/0004-637X/755/1/50},
	archivePrefix = {arXiv},
	eprint = {1201.6407},
	primaryClass = {astro-ph.HE},
	adsurl = {https://ui.adsabs.harvard.edu/abs/2012ApJ...755...50R},
	adsnote = {Provided by the SAO/NASA Astrophysics Data System}
}
@ARTICLE{kunz2016,
	author = {{Kunz}, Matthew W. and {Stone}, James M. and {Quataert}, Eliot},
	title = "{Magnetorotational Turbulence and Dynamo in a Collisionless Plasma}",
	journal = {\prl},
	keywords = {Astrophysics - High Energy Astrophysical Phenomena, Physics - Plasma Physics},
	year = 2016,
	month = dec,
	volume = {117},
	number = {23},
	eid = {235101},
	pages = {235101},
	doi = {10.1103/PhysRevLett.117.235101},
	archivePrefix = {arXiv},
	eprint = {1608.07911},
	primaryClass = {astro-ph.HE},
	adsurl = {https://ui.adsabs.harvard.edu/abs/2016PhRvL.117w5101K},
	adsnote = {Provided by the SAO/NASA Astrophysics Data System}
}
